# $$ http://www.sciencemag.org/content/334/6052/69.abstract?sid=f9728659-b2d1-44c1-b8e9-d29122155c04


@article{ planck_2013_parameters,
  author = {{Planck Collaboration} and {Ade, P. A. R.} and {Aghanim, N.} and {Armitage-Caplan, C.} and {Arnaud, M.} and {Ashdown, M.} and {Atrio-Barandela, F.} and {Aumont, J.} and {Baccigalupi, C.} and {Banday, A. J.} and {Barreiro, R. B.} and {Bartlett, J. G.} and {Battaner, E.} and {Benabed, K.} and {Beno\^{\i}t, A.} and {Benoit-L\'evy, A.} and {Bernard, J.-P.} and {Bersanelli, M.} and {Bielewicz, P.} and {Bobin, J.} and {Bock, J. J.} and {Bonaldi, A.} and {Bond, J. R.} and {Borrill, J.} and {Bouchet, F. R.} and {Bridges, M.} and {Bucher, M.} and {Burigana, C.} and {Butler, R. C.} and {Calabrese, E.} and {Cappellini, B.} and {Cardoso, J.-F.} and {Catalano, A.} and {Challinor, A.} and {Chamballu, A.} and {Chary, R.-R.} and {Chen, X.} and {Chiang, H. C.} and {Chiang, L.-Y} and {Christensen, P. R.} and {Church, S.} and {Clements, D. L.} and {Colombi, S.} and {Colombo, L. P. L.} and {Couchot, F.} and {Coulais, A.} and {Crill, B. P.} and {Curto, A.} and {Cuttaia, F.} and {Danese, L.} and {Davies, R. D.} and {Davis, R. J.} and {de Bernardis, P.} and {de Rosa, A.} and {de Zotti, G.} and {Delabrouille, J.} and {Delouis, J.-M.} and {D\'esert, F.-X.} and {Dickinson, C.} and {Diego, J. M.} and {Dolag, K.} and {Dole, H.} and {Donzelli, S.} and {Dor\'e, O.} and {Douspis, M.} and {Dunkley, J.} and {Dupac, X.} and {Efstathiou, G.} and {Elsner, F.} and {En\ss{}lin, T. A.} and {Eriksen, H. K.} and {Finelli, F.} and {Forni, O.} and {Frailis, M.} and {Fraisse, A. A.} and {Franceschi, E.} and {Gaier, T. C.} and {Galeotta, S.} and {Galli, S.} and {Ganga, K.} and {Giard, M.} and {Giardino, G.} and {Giraud-H\'eraud, Y.} and {Gjerl\o{}w, E.} and {Gonz\'alez-Nuevo, J.} and {G\'orski, K. M.} and {Gratton, S.} and {Gregorio, A.} and {Gruppuso, A.} and {Gudmundsson, J. E.} and {Haissinski, J.} and {Hamann, J.} and {Hansen, F. K.} and {Hanson, D.} and {Harrison, D.} and {Henrot-Versill\'e, S.} and {Hern\'andez-Monteagudo, C.} and {Herranz, D.} and {Hildebrandt, S. R.} and {Hivon, E.} and {Hobson, M.} and {Holmes, W. A.} and {Hornstrup, A.} and {Hou, Z.} and {Hovest, W.} and {Huffenberger, K. M.} and {Jaffe, A. H.} and {Jaffe, T. R.} and {Jewell, J.} and {Jones, W. C.} and {Juvela, M.} and {Keih\"anen, E.} and {Keskitalo, R.} and {Kisner, T. S.} and {Kneissl, R.} and {Knoche, J.} and {Knox, L.} and {Kunz, M.} and {Kurki-Suonio, H.} and {Lagache, G.} and {L\"ahteenm\"aki, A.} and {Lamarre, J.-M.} and {Lasenby, A.} and {Lattanzi, M.} and {Laureijs, R. J.} and {Lawrence, C. R.} and {Leach, S.} and {Leahy, J. P.} and {Leonardi, R.} and {Le\'on-Tavares, J.} and {Lesgourgues, J.} and {Lewis, A.} and {Liguori, M.} and {Lilje, P. B.} and {Linden-V\o{}rnle, M.} and {L\'opez-Caniego, M.} and {Lubin, P. M.} and {Mac\'{\i}as-P\'erez, J. F.} and {Maffei, B.} and {Maino, D.} and {Mandolesi, N.} and {Maris, M.} and {Marshall, D. J.} and {Martin, P. G.} and {Mart\'{\i}nez-Gonz\'alez, E.} and {Masi, S.} and {Massardi, M.} and {Matarrese, S.} and {Matthai, F.} and {Mazzotta, P.} and {Meinhold, P. R.} and {Melchiorri, A.} and {Melin, J.-B.} and {Mendes, L.} and {Menegoni, E.} and {Mennella, A.} and {Migliaccio, M.} and {Millea, M.} and {Mitra, S.} and {Miville-Desch\^enes, M.-A.} and {Moneti, A.} and {Montier, L.} and {Morgante, G.} and {Mortlock, D.} and {Moss, A.} and {Munshi, D.} and {Murphy, J. A.} and {Naselsky, P.} and {Nati, F.} and {Natoli, P.} and {Netterfield, C. B.} and {N\o{}rgaard-Nielsen, H. U.} and {Noviello, F.} and {Novikov, D.} and {Novikov, I.} and {O\'{}Dwyer, I. J.} and {Osborne, S.} and {Oxborrow, C. A.} and {Paci, F.} and {Pagano, L.} and {Pajot, F.} and {Paladini, R.} and {Paoletti, D.} and {Partridge, B.} and {Pasian, F.} and {Patanchon, G.} and {Pearson, D.} and {Pearson, T. J.} and {Peiris, H. V.} and {Perdereau, O.} and {Perotto, L.} and {Perrotta, F.} and {Pettorino, V.} and {Piacentini, F.} and {Piat, M.} and {Pierpaoli, E.} and {Pietrobon, D.} and {Plaszczynski, S.} and {Platania, P.} and {Pointecouteau, E.} and {Polenta, G.} and {Ponthieu, N.} and {Popa, L.} and {Poutanen, T.} and {Pratt, G. W.} and {Pr\'ezeau, G.} and {Prunet, S.} and {Puget, J.-L.} and {Rachen, J. P.} and {Reach, W. T.} and {Rebolo, R.} and {Reinecke, M.} and {Remazeilles, M.} and {Renault, C.} and {Ricciardi, S.} and {Riller, T.} and {Ristorcelli, I.} and {Rocha, G.} and {Rosset, C.} and {Roudier, G.} and {Rowan-Robinson, M.} and {Rubi\~no-Mart\'{\i}n, J. A.} and {Rusholme, B.} and {Sandri, M.} and {Santos, D.} and {Savelainen, M.} and {Savini, G.} and {Scott, D.} and {Seiffert, M. D.} and {Shellard, E. P. S.} and {Spencer, L. D.} and {Starck, J.-L.} and {Stolyarov, V.} and {Stompor, R.} and {Sudiwala, R.} and {Sunyaev, R.} and {Sureau, F.} and {Sutton, D.} and {Suur-Uski, A.-S.} and {Sygnet, J.-F.} and {Tauber, J. A.} and {Tavagnacco, D.} and {Terenzi, L.} and {Toffolatti, L.} and {Tomasi, M.} and {Tristram, M.} and {Tucci, M.} and {Tuovinen, J.} and {T\"urler, M.} and {Umana, G.} and {Valenziano, L.} and {Valiviita, J.} and {Van Tent, B.} and {Vielva, P.} and {Villa, F.} and {Vittorio, N.} and {Wade, L. A.} and {Wandelt, B. D.} and {Wehus, I. K.} and {White, M.} and {White, S. D. M.} and {Wilkinson, A.} and {Yvon, D.} and {Zacchei, A.} and {Zonca, A.}},
  title = "{Planck 2013 Results. XVI. Cosmological Parameters}",
  DOI= "10.1051/0004-6361/201321591",
  url= "https://doi.org/10.1051/0004-6361/201321591",
  journal = {Astronomy \& Astrophysics},
  year = 2014,
  volume = 571,
  pages = "A16",
}


@Article{einastoprofile1,
  title   = "{The Aquarius Project: The Subhaloes of Galactic Haloes}",
  author  = {Springel and others},
  year    = "2008",
  journal = {Monthly Notices of the Royal Astronomical Society},
  volume  = "391",
  pages   = "1685-1711",
  url     = {http://mnras.oxfordjournals.org/content/391/4/1685.full.pdf}
}

@Article{einastoprofile2,
  title   = "{Kinematics and Dynamics of Stellar Systems}",
  author  = {J Einasto},
  year    = {1965},
  journal = {Trudy Institute Alma-Ata Conference},
  volume  = "5",
  pages   = "87",
  note    = "{}"
}

Article{zhaoprofile2,
  title   = "{Analytical Models for Galactic Nuclei}",
  author  = "{Zhao}",
  year    = "1996",
  journal = {Monthly Notices of the Royal Astronomical Society},
  volume  = {278},
  pages   = {488-496},
  note    = "{http://mnras.oxfordjournals.org/content/278/2/488.full.pdf}"
}

Article{zhaoprofile,
   author = {{Zhao}, H.},
    title = "{Analytical models for galactic nuclei}",
  journal = {Monthly Notices of the Royal Astronomical Society},
     year = 1996,
    month = jan,
   volume = 278,
    pages = {488-496},
      url = {http://adsabs.harvard.edu/abs/1996MNRAS.278..488Z}
}

@Article{daviescotton,
  title   = "{Design of the Quartermaster Solar Furnace}",
  author  = "{Davies, Cotton}",
  year    = "1957",
  journal = {Solar Energy},
  volume  = "1",
  pages   = "16-22",
  url     = "{http://www.sciencedirect.com/science/article/pii/0038092X57901160}"
}

@Article{mirroralign,
  title   = "{A New Mirror Alignment System for the VERITAS Telescopes}",
  author  = "{McCann, Hanna, Kildea, McCutcheon}",
  year    = "2009",
  journal = {Astroparticle Physics},
  volume  = "32",
  pages   = "325-329",
  url     = "{http://www.sciencedirect.com/science/article/pii/S0927650509001455}"
}

@article{firstVeritas,
  title   = "{VERITAS: the Very Energetic Radiation Imaging Telescope Array System}",
  journal = {Astroparticle Physics},
  volume  = {17},
  number  = "2",
  pages   = "221-243",
  year    = "2002",
  issn    = "0927-6505",
  url     = {http://www.sciencedirect.com/science/article/pii/S0927650501001529},
  author  = {T.C Weekes and H Badran and S.D Biller and I Bond and S Bradbury and J Buckley and D Carter-Lewis and M Catanese and S Criswell and W Cui and P Dowkontt and C Duke and D.J Fegan and J Finley and L Fortson and J Gaidos and G.H Gillanders and J Grindlay and T.A Hall and K Harris and A.M Hillas and P Kaaret and M Kertzman and D Kieda and F Krennrich and M.J Lang and S LeBohec and R Lessard and J Lloyd-Evans and J Knapp and B McKernan and J McEnery and P Moriarty and D Muller and P Ogden and R Ong and D Petry and J Quinn and N.W Reay and P.T Reynolds and J Rose and M Salamon and G Sembroski and R Sidwell and P Slane and N Stanton and S.P Swordy and V.V Vassiliev and S.P Wakely}
}

@article{mrswl_technique,
  title   = "{Gamma–Hadron Separation Methods for the VERITAS Array of Four Imaging Atmospheric Cherenkov Telescopes}",
  journal = {Astroparticle Physics},
  volume  = "25",
  number  = "6",
  pages   = "380 - 390",
  year    = "2006",
  issn    = "0927-6505",
  url     = {http://www.sciencedirect.com/science/article/pii/S0927650506000466},
  author  = {H. Krawczynski and D.A. Carter-Lewis and C. Duke and J. Holder and G. Maier and S. Le Bohec and G. Sembroski}
}

@article{Veritas_Detector,
  author  = {J. Holder and others},
  title   = "{The First VERITAS Telescope}",
  journal = {Astroparticle Physics},
  volume  = "25",
  number  = "6",
  pages   = "391-401",
  year    = "2006",
  note    = "",
  issn    = "0927-6505",
  doi     = "http://dx.doi.org/10.1016/j.astropartphys.2006.04.002",
  url     = "http://www.sciencedirect.com/science/article/pii/S092765050600051X"
}

@article{cherenkov,
  title  = "{Visible Emission of Clean Liquids by Action of $\gamma$ Radiation}",
  author = {Cherenkov, Pavel A},
  journal= {Doklady Akademii Nauk SSSR},
  volume = {2},
  pages  = {451},
  year   = {1934}
}

@misc{cherenkovreactor,
  author = {{Argonne National Laboratory}},
  title  = "{{Advanced Test Reactor Core, Idaho National Laboratory}}",
  year   = {2009},
  howpublished = {Online, Accessed Decenber 11, 2013},
  url    = {https://www.flickr.com/photos/35734278@N05/3954062594}
}




@article{atrlab,
  author    = {Gray S Chang and John M Ryskamp},
  title     = "{Depletion Analysis of Mixed-Oxide Fuel Pins in Light Water Reactors and the Advanced Test Reactor}",
  journal   = {Nuclear Technology},
  volume    = {129},
  number    = {3},
  pages     = {326-337},
  year      = {2000},
  publisher = {Taylor & Francis},
  doi       = {10.13182/NT00-A3065},
  URL       = {https://doi.org/10.13182/NT00-A3065},
  eprint    = {https://doi.org/10.13182/NT00-A3065}
}



	




@inproceedings{doublepass,
  author         = "Holder, Jamie",
  title          = "{Exploiting VERITAS Timing Information}",
  booktitle      = "{29th International Cosmic Ray Conference (ICRC 2005), Pune, India, August 3-11, 2005}",
  collaboration  = "VERITAS",
  year           = "2005",
  pages          = "383",
  note           = "[5,383(2005)]",
  eprint         = "astro-ph/0507450",
  archivePrefix  = "arXiv",
  primaryClass   = "astro-ph",
  url            = {https://arxiv.org/abs/astro-ph/0507450}
}


@article{self_compton,
  author = {Fabrizio Tavecchio and Laura Maraschi and Gabriele Ghisellini},
  title  = "{Constraints on the Physical Parameters of TeV Blazars}",
  journal= {The Astrophysical Journal},
  volume = {509},
  number = {2},
  pages  = {608},
  url    = {http://stacks.iop.org/0004-637X/509/i=2/a=608},
  year   = {1998}
}

@article{hadronic1,
  author   = {M Pohl and R Schlickeiser},
  title    = "{On the Conversion of Blast Wave Energy into Radiation in Active Galactic Nuclei and Gamma-ray Bursts}",
  eprint   = {astro-ph/9911452},
  url      = {https://arxiv.org/abs/astro-ph/9911452},
  year     = 2000,
  volume   = 354,
  pages    = {395-410},
  url      = {http://adsabs.harvard.edu/abs/2000A%26A...354..395P},
  adsnote  = {Provided by the SAO/NASA Astrophysics Data System}
}

@article{hadronic2,
  author = {Arnon Dar and Ari Laor},
  title  = "{Hadronic Production of TeV Gamma-Ray Flares from Blazars}",
  journal= {The Astrophysical Journal Letters},
  volume = {478},
  number = {1},
  pages  = {L5},
  url    = {http://stacks.iop.org/1538-4357/478/i=1/a=L5},
  year   = {1997}
}
	
@article{hess_gc_diffuse,
  title = "{Diffuse Galactic Gamma-Ray Emission with H.E.S.S.}",
  author = {Abramowski, A. and Aharonian, F. and Ait Benkhali, F. and Akhperjanian, A. G. and Ang\"uner, E. O. and Backes, M. and Balenderan, S. and Balzer, A. and Barnacka, A. and Becherini, Y. and Becker Tjus, J. and Berge, D. and Bernhard, S. and Bernl\"ohr, K. and Birsin, E. and Biteau, J. and B\"ottcher, M. and Boisson, C. and Bolmont, J. and Bordas, P. and Bregeon, J. and Brun, F. and Brun, P. and Bryan, M. and Bulik, T. and Carrigan, S. and Casanova, S. and Chadwick, P. M. and Chakraborty, N. and Chalme-Calvet, R. and Chaves, R. C. G. and Chr\'etien, M. and Colafrancesco, S. and Cologna, G. and Conrad, J. and Couturier, C. and Cui, Y. and Davids, I. D. and Degrange, B. and Deil, C. and deWilt, P. and Djannati-Ata\"{\i}, A. and Domainko, W. and Donath, A. and Drury, L. O'C. and Dubus, G. and Dutson, K. and Dyks, J. and Dyrda, M. and Edwards, T. and Egberts, K. and Eger, P. and Espigat, P. and Farnier, C. and Fegan, S. and Feinstein, F. and Fernandes, M. V. and Fernandez, D. and Fiasson, A. and Fontaine, G. and F\"orster, A. and F\"u\ss{}ling, M. and Gabici, S. and Gajdus, M. and Gallant, Y. A. and Garrigoux, T. and Giavitto, G. and Giebels, B. and Glicenstein, J. F. and Gottschall, D. and Grondin, M. -H. and Grudzi\ifmmode \acute{n}\else \'{n}\fi{}ska, M. and Hadasch, D. and H\"affner, S. and Hahn, J. and Harris, J. and Heinzelmann, G. and Henri, G. and Hermann, G. and Hervet, O. and Hillert, A. and Hinton, J. A. and Hofmann, W. and Hofverberg, P. and Holler, M. and Horns, D. and Ivascenko, A. and Jacholkowska, A. and Jahn, C. and Jamrozy, M. and Janiak, M. and Jankowsky, F. and Jung-Richardt, I. and Kastendieck, M. A. and Katarzy\ifmmode \acute{n}\else \'{n}\fi{}ski, K. and Katz, U. and Kaufmann, S. and Kh\'elifi, B. and Kieffer, M. and Klepser, S. and Klochkov, D. and Klu\ifmmode \acute{z}\else \'{z}\fi{}niak, W. and Kolitzus, D. and Komin, Nu. and Kosack, K. and Krakau, S. and Krayzel, F. and Kr\"uger, P. P. and Laffon, H. and Lamanna, G. and Lefaucheur, J. and Lefranc, V. and Lemi\`ere, A. and Lemoine-Goumard, M. and Lenain, J. -P. and Lohse, T. and Lopatin, A. and Lu, C. -C. and Marandon, V. and Marcowith, A. and Marx, R. and Maurin, G. and Maxted, N. and Mayer, M. and McComb, T. J. L. and M\'ehault, J. and Meintjes, P. J. and Menzler, U. and Meyer, M. and Mitchell, A. M. W. and Moderski, R. and Mohamed, M. and Mor\aa{}, K. and Moulin, E. and Murach, T. and de Naurois, M. and Niemiec, J. and Nolan, S. J. and Oakes, L. and Odaka, H. and Ohm, S. and Opitz, B. and Ostrowski, M. and Oya, I. and Panter, M. and Parsons, R. D. and Paz Arribas, M. and Pekeur, N. W. and Pelletier, G. and Petrucci, P. -O. and Peyaud, B. and Pita, S. and Poon, H. and P\"uhlhofer, G. and Punch, M. and Quirrenbach, A. and Raab, S. and Reichardt, I. and Reimer, A. and Reimer, O. and Renaud, M. and de los Reyes, R. and Rieger, F. and Romoli, C. and Rosier-Lees, S. and Rowell, G. and Rudak, B. and Rulten, C. B. and Sahakian, V. and Salek, D. and Sanchez, D. A. and Santangelo, A. and Schlickeiser, R. and Sch\"ussler, F. and Schulz, A. and Schwanke, U. and Schwarzburg, S. and Schwemmer, S. and Sol, H. and Spanier, F. and Spengler, G. and Spies, F. and Stawarz, \L{}. and Steenkamp, R. and Stegmann, C. and Stinzing, F. and Stycz, K. and Sushch, I. and Tavernet, J. -P. and Tavernier, T. and Taylor, A. M. and Terrier, R. and Tluczykont, M. and Trichard, C. and Valerius, K. and van Eldik, C. and van Soelen, B. and Vasileiadis, G. and Veh, J. and Venter, C. and Viana, A. and Vincent, P. and Vink, J. and V\"olk, H. J. and Volpe, F. and Vorster, M. and Vuillaume, T. and Wagner, S. J. and Wagner, P. and Wagner, R. M. and Ward, M. and Weidinger, M. and Weitzel, Q. and White, R. and Wierzcholska, A. and Willmann, P. and W\"ornlein, A. and Wouters, D. and Yang, R. and Zabalza, V. and Zaborov, D. and Zacharias, M. and Zdziarski, A. A. and Zech, A. and Zechlin, H. -S. and Fukui, Y.},
  collaboration = {H.E.S.S. Collaboration},
  journal = {Physical Review D},
  volume = {90},
  issue = {12},
  pages = {122007},
  numpages = {8},
  year = {2014},
  month = {Dec},
  publisher = {American Physical Society},
  doi = {10.1103/PhysRevD.90.122007},
  url = {https://link.aps.org/doi/10.1103/PhysRevD.90.122007}
}


@article{GalacticDiffuseGammaRays,
  author = {Andrew W Strong and Igor V Moskalenko and Olaf Reimer},
  title  = "{Diffuse Galactic Continuum Gamma Rays: A Model Compatible with EGRET Data and Cosmic-Ray Measurements}",
  journal= {The Astrophysical Journal},
  volume = {613},
  number = {2},
  pages  = {962},
  url    = {http://stacks.iop.org/0004-637X/613/i=2/a=962},
  year   = {2004},
}

@article{extragalactic_agn,
  author = {Abraham, J. and Abreu, P. and Aglietta, M. and Aguirre, C. and Allard, D. and Allekotte, I. and Allen, J. and Allison, P. and Alvarez, C. and Alvarez-Mu{\~n}iz, J. and Ambrosio, M. and Anchordoqui, L. and Andringa, S. and Anzalone, A. and Aramo, C. and Argir{\`o}, S. and Arisaka, K. and Armengaud, E. and Arneodo, F. and Arqueros, F. and Asch, T. and Asorey, H. and Assis, P. and Atulugama, B. S. and Aublin, J. and Ave, M. and Avila, G. and B{\"a}cker, T. and Badagnani, D. and Barbosa, A. F. and Barnhill, D. and Barroso, S. L. C. and Bauleo, P. and Beatty, J. and Beau, T. and Becker, B. R. and Becker, K. H. and Bellido, J. A. and BenZvi, S. and Berat, C. and Bergmann, T. and Bernardini, P. and Bertou, X. and Biermann, P. L. and Billoir, P. and Blanch-Bigas, O. and Blanco, F. and Blasi, P. and Bleve, C. and Bl{\"u}mer, H. and Boh{\'a}{\v c}ov{\'a}, M. and Bonifazi, C. and Bonino, R. and Boratav, M. and Brack, J. and Brogueira, P. and Brown, W. C. and Buchholz, P. and Bueno, A. and Busca, N. G. and Caballero-Mora, K. S. and Cai, B. and Camin, D. V. and Caruso, R. and Carvalho, W. and Castellina, A. and Catalano, O. and Cataldi, G. and Caz{\'o}n-Boado, L. and Cester, R. and Chauvin, J. and Chiavassa, A. and Chinellato, J. A. and Chou, A. and Chye, J. and Clark, P. D. J. and Clay, R. W. and Colombo, E. and Concei{\c c}{\~a}o, R. and Connolly, B. and Contreras, F. and Coppens, J. and Cordier, A. and Cotti, U. and Coutu, S. and Covault, C. E. and Creusot, A. and Cronin, J. and Dagoret-Campagne, S. and Daumiller, K. and Dawson, B. R. and de Almeida, R. M. and De Donato, C. and de Jong, S. J. and De La Vega, G. and de Mello Junior, W. J. M. and de Mello Neto, J. R. T. and De Mitri, I. and de Souza, V. and del Peral, L. and Deligny, O. and Selva, A. Della and Fratte, C. Delle and Dembinski, H. and Di Giulio, C. and Diaz, J. C. and Dobrigkeit, C. and D{\textquoteright}Olivo, J. C. and Dornic, D. and Dorofeev, A. and Anjos, J. C. dos and Dova, M. T. and D{\textquoteright}Urso, D. and DuVernois, M. A. and Engel, R. and Epele, L. and Erdmann, M. and Escobar, C. O. and Etchegoyen, A. and Luis, P. Facal San and Falcke, H. and Farrar, G. and Fauth, A. C. and Fazzini, N. and Fern{\'a}ndez, A. and Ferrer, F. and Ferry, S. and Fick, B. and Filevich, A. and Filip{\v c}i{\v c}, A. and Fleck, I. and Fonte, R. and Fracchiolla, C. E. and Fulgione, W. and Garc{\'\i}a, B. and Garc{\'\i}a G{\'a}mez, D. and Garcia-Pinto, D. and Garrido, X. and Geenen, H. and Gelmini, G. and Gemmeke, H. and Ghia, P. L. and Giller, M. and Glass, H. and Gold, M. S. and Golup, G. and Albarracin, F. Gomez and Berisso, M. G{\'o}mez and Herrero, R. G{\'o}mez and Gon{\c c}alves, P. and do Amaral, M. Gon{\c c}alves and Gonzalez, D. and Gonzalez, J. G. and Gonz{\'a}lez, M. and G{\'o}ra, D. and Gorgi, A. and Gouffon, P. and Grassi, V. and Grillo, A. and Grunfeld, C. and Guardincerri, Y. and Guarino, F. and Guedes, G. P. and Guti{\'e}rrez, J. and Hague, J. D. and Hamilton, J. C. and Hansen, P. and Harari, D. and Harmsma, S. and Harton, J. L. and Haungs, A. and Hauschildt, T. and Healy, M. D. and Hebbeker, T. and Heck, D. and Hojvat, C. and Holmes, V. C. and Homola, P. and H{\"o}randel, J. and Horneffer, A. and Horvat, M. and Hrabovsk{\'y}, M. and Huege, T. and Iarlori, M. and Insolia, A. and Ionita, F. and Italiano, A. and Kaducak, M. and Kampert, K. H. and Keilhauer, B. and Kemp, E. and Kieckhafer, R. M. and Klages, H. O. and Kleifges, M. and Kleinfeller, J. and Knapik, R. and Knapp, J. and Koang, D. -H. and Kopmann, A. and Krieger, A. and Kr{\"o}mer, O. and K{\"u}mpel, D. and Kunka, N. and Kusenko, A. and La Rosa, G. and Lachaud, C. and Lago, B. L. and Lebrun, D. and LeBrun, P. and Lee, J. and de Oliveira, M. A. Leigui and Letessier-Selvon, A. and Leuthold, M. and Lhenry-Yvon, I. and L{\'o}pez, R. and Lopez Ag{\"u}era, A. and Bahilo, J. Lozano and Maccarone, M. C. and Macolino, C. and Maldera, S. and Malek, M. and Mancarella, G. and Mance{\~n}ido, M. E. and Mandat, D. and Mantsch, P. and Mariazzi, A. G. and Maris, I. C. and Martello, D. and Mart{\'\i}nez, J. and Bravo, O. Mart{\'\i}nez and Mathes, H. J. and Matthews, J. and Matthews, J. A. J. and Matthiae, G. and Maurizio, D. and Mazur, P. O. and McCauley, T. and McEwen, M. and McNeil, R. R. and Medina, M. C. and Medina-Tanco, G. and Meli, A. and Melo, D. and Menichetti, E. and Menschikov, A. and Meurer, Chr. and Meyhandan, R. and Micheletti, M. I. and Miele, G. and Miller, W. and Mollerach, S. and Monasor, M. and Ragaigne, D. Monnier and Montanet, F. and Morales, B. and Morello, C. and Moreno, E. and Moreno, J. C. and Morris, C. and Mostaf{\'a}, M. and Muller, M. A. and Mussa, R. and Navarra, G. and Navarro, J. L. and Navas, S. and Nellen, L. and Newman-Holmes, C. and Newton, D. and Thi, T. Nguyen and Nierstenh{\"o}fer, N. and Nitz, D. and Nosek, D. and No{\v z}ka, L. and Oehlschl{\"a}ger, J. and Ohnuki, T. and Olinto, A. and Olmos-Gilbaja, V. M. and Ortiz, M. and Ostapchenko, S. and Otero, L. and Selmi-Dei, D. Pakk and Palatka, M. and Pallotta, J. and Parente, G. and Parizot, E. and Parlati, S. and Pastor, S. and Patel, M. and Paul, T. and Pavlidou, V. and Payet, K. and Pech, M. and Pȩkala, J. and Pelayo, R. and Pepe, I. M. and Perrone, L. and Petrera, S. and Petrinca, P. and Petrov, Y. and Ngoc, DiepPham and Ngoc, DongPham and Thi, T. N. Pham and Pichel, A. and Piegaia, R. and Pierog, T. and Pimenta, M. and Pinto, T. and Pirronello, V. and Pisanti, O. and Platino, M. and Pochon, J. and Porter, T. A. and Privitera, P. and Prouza, M. and Quel, E. J. and Rautenberg, J. and Reucroft, S. and Revenu, B. and Rezende, F. A. S. and {\v R}{\'\i}dk{\'y}, J. and Riggi, S. and Risse, M. and Rivi{\`e}re, C. and Rizi, V. and Roberts, M. and Robledo, C. and Rodriguez, G. and Fr{\'\i}as, D. Rodr{\'\i}guez and Martino, J. Rodriguez and Rojo, J. Rodriguez and Rodriguez-Cabo, I. and Ros, G. and Rosado, J. and Roth, M. and Rouill{\'e}-d{\textquoteright}Orfeuil, B. and Roulet, E. and Rovero, A. C. and Salamida, F. and Salazar, H. and Salina, G. and S{\'a}nchez, F. and Santander, M. and Santo, C. E. and Santos, E. M. and Sarazin, F. and Sarkar, S. and Sato, R. and Scherini, V. and Schieler, H. and Schmidt, F. and Schmidt, T. and Scholten, O. and Schov{\'a}nek, P. and Sch{\"u}ssler, F. and Sciutto, S. J. and Scuderi, M. and Segreto, A. and Semikoz, D. and Settimo, M. and Shellard, R. C. and Sidelnik, I. and Siffert, B. B. and Sigl, G. and De Grande, N. Smetniansky and Smia{\l}kowski, A. and {\v s}m{\'\i}da, R. and Smith, A. G. K. and Smith, B. E. and Snow, G. R. and Sokolsky, P. and Sommers, P. and Sorokin, J. and Spinka, H. and Squartini, R. and Strazzeri, E. and Stutz, A. and Suarez, F. and Suomij{\"a}rvi, T. and Supanitsky, A. D. and Sutherland, M. S. and Swain, J. and Szadkowski, Z. and Takahashi, J. and Tamashiro, A. and Tamburro, A. and Ta{\c s}c{\u a}u, O. and Tcaciuc, R. and Thomas, D. and Ticona, R. and Tiffenberg, J. and Timmermans, C. and Tkaczyk, W. and Peixoto, C. J. Todero and Tom{\'e}, B. and Tonachini, A. and Torresi, D. and Travnicek, P. and Tripathi, A. and Tristram, G. and Tscherniakhovski, D. and Tueros, M. and Tunnicliffe, V. and Ulrich, R. and Unger, M. and Urban, M. and Galicia, J. F. Vald{\'e}s and Vali{\~n}o, I. and Valore, L. and van den Berg, A. M. and van Elewyck, V. and V{\'a}zquez, R. A. and Veberi{\v c}, D. and Veiga, A. and Velarde, A. and Venters, T. and Verzi, V. and Videla, M. and Villase{\~n}or, L. and Vorobiov, S. and Voyvodic, L. and Wahlberg, H. and Wainberg, O. and Waldenmaier, T. and Walker, P. and Warner, D. and Watson, A. A. and Westerhoff, S. and Wieczorek, G. and Wiencke, L. and Wilczy{\'n}ska, B. and Wilczy{\'n}ski, H. and Wileman, C. and Winnick, M. G. and Wu, H. and Wundheiler, B. and Xu, J. and Yamamoto, T. and Younk, P. and Zas, E. and Zavrtanik, D. and Zavrtanik, M. and Zech, A. and Zepeda, A. and Ziolkowski, M.},
  title     = "{Correlation of the Highest-Energy Cosmic Rays with Nearby Extragalactic Objects}",
  volume    = {318},
  number    = {5852},
  pages     = {938--943},
  year      = {2007},
  doi       = {10.1126/science.1151124},
  publisher = {American Association for the Advancement of Science},
  issn      = {0036-8075},
  URL       = {http://science.sciencemag.org/content/318/5852/938},
  eprint    = {http://science.sciencemag.org/content/318/5852/938.full.pdf},
  journal   = {Science}
}
	
@article {Bethe1934,
  author    = {Heitler Bethe and Walter Heitler},
  title     = "{On the Stopping of Fast Particles and on the Creation of Positive Electrons}",
  volume    = {146},
  number    = {856},
  pages     = {83-112},
  year      = {1934},
  doi       = {10.1098/rspa.1934.0140},
  publisher = {The Royal Society},
  issn      = {0950-1207},
  URL       = {http://rspa.royalsocietypublishing.org/content/146/856/83},
  eprint    = {http://rspa.royalsocietypublishing.org/content/146/856/83.full.pdf},
  journal   = {Proceedings of the Royal Society of London A: Mathematical, Physical and Engineering Sciences}
}

@article{Klein1999,
  title     = "{Suppression of Bremsstrahlung and Pair Production Due to Environmental Factors}",
  author    = {Spencer Klein},
  journal   = {Review of Modern Physics},
  volume    = {71},
  issue     = {5},
  pages     = {1501--1538},
  numpages  = {0},
  year      = {1999},
  publisher = {American Physical Society},
  doi       = {10.1103/RevModPhys.71.1501},
  url       = {https://link.aps.org/doi/10.1103/RevModPhys.71.1501}
}

@article{marquardt1963algorithm,
  title     = "{An Algorithm for Least-Squares Estimation of Nonlinear Parameters}",
  author    = {Marquardt, Donald W},
  journal   = {Journal of the Society for Industrial and Applied Mathematics},
  volume    = {11},
  number    = {2},
  pages     = {431--441},
  year      = {1963},
  publisher = {SIAM},
  url       = {https://doi.org/10.1137/0111030}
}
	
@article{wilks1938,
  author    = "Wilks, S. S.",
  doi       = "10.1214/aoms/1177732360",
  journal   = "The Annals of Mathematical Statistics",
  month     = "03",
  number    = "1",
  pages     = "60--62",
  publisher = "The Institute of Mathematical Statistics",
  title     = {{The Large-Sample Distribution of the Likelihood Ratio for Testing Composite Hypotheses}},
  url       = "https://doi.org/10.1214/aoms/1177732360",
  volume    = "9",
  year      = "1938"
}

@phdthesis{Krause2017,
  author = {Krause, Maria},
  title  = "{High-sensitivity analysis of the Cygnus region observed with VERITAS}",
  school = {Humboldt-Universität zu Berlin, Mathematisch-Naturwissenschaftliche Fakultät},
  year   = {2017},
  doi    = {http://dx.doi.org/10.18452/17750},
  url    = {http://dx.doi.org/10.18452/17750}
}

@ARTICLE{cash1979,
   author = {{Cash}, W.},
    title = "{Parameter estimation in astronomy through application of the likelihood ratio}",
  journal = {\apj},
 keywords = {Astronomical Models, Data Processing, Parameterization, Statistical Analysis, Confidence Limits, Data Sampling, Galactic Clusters, Normal Density Functions, Photons, X Ray Telescopes},
     year = 1979,
    month = mar,
   volume = 228,
    pages = {939-947},
      url = {http://adsabs.harvard.edu/abs/1979ApJ...228..939C},
      doi = {10.1086/156922},
   adsurl = {http://adsabs.harvard.edu/abs/1979ApJ...228..939C},
  adsnote = {Provided by the SAO/NASA Astrophysics Data System}
}

@article{Jungman:1995df,
  author        = "Jungman, Gerard and Kamionkowski, Marc and Griest, Kim",
  title         = "{Supersymmetric Dark Matter}",
  journal       = {Physics Reports},
  volume        = "267",
  year          = "1996",
  pages         = "195-373",
  doi           = "10.1016/0370-1573(95)00058-5",
  eprint        = "hep-ph/9506380",
  archivePrefix = "arXiv",
  primaryClass  = "hep-ph",
  reportNumber  = "SU-4240-605, UCSD-PTH-95-02, IASSNS-HEP-95-14, CU-TP-677",
  url           = {https://doi.org/10.1016/0370-1573(95)00058-5}
}

@article{dglap1,
  title   = {DEEP INELASTIC ep-SCATTERING IN A PERTURBATION THEORY.},
  author  = {Gribov, V.N. and Lipatov, L.N.},
  journal = {Yadern. Fiz. 15: No. 4, 781-807(Apr 1972).},
  year    = {1972},
  month   = {1}
}

@article{dglap2,
  title   ={Calculation of the structure functions for deep inelastic scattering and e+ e- annihilation by perturbation theory in quantum chromodynamics},
  author  ={Dokshitzer, Yuri L},
  journal ={Zh. Eksp. Teor. Fiz},
  volume  ={73},
  pages   ={1216},
  year    ={1977}
}

@article{dglap3,
  title   = "Asymptotic freedom in parton language",
  journal = "Nuclear Physics B",
  volume  = "126",
  number  = "2",
  pages   = "298 - 318",
  year    = "1977",
  issn    = "0550-3213",
  doi     = "https://doi.org/10.1016/0550-3213(77)90384-4",
  url     = "http://www.sciencedirect.com/science/article/pii/0550321377903844",
  author  = "G. Altarelli and G. Parisi"
}

@article {Penny2009,
  author    = {Penny, Sj. and Conselice, Cj. and De Rijcke, S. and Held, E.V.},
  title     = "{Smooth, Undisturbed Dwarf Spheroidal Galaxies in the Perseus Cluster Core: Implications for Dark Matter Content}",
  journal   = {Astronomische Nachrichten},
  volume    = {330},
  number    = {9-10},
  publisher = {WILEY-VCH Verlag},
  issn      = {1521-3994},
  url       = {http://dx.doi.org/10.1002/asna.200911276},
  doi       = {10.1002/asna.200911276},
  pages     = {991--994},
  year      = {2009},
}


@article{MSSM,
  author  = {Cs{\'a}ki, C.},
  title   = "{The Minimal Supersymmetric Standard Model}",
  journal = {Modern Physics Letters A},
  volume  = {11},
  number  = {08},
  pages   = {599-613},
  year    = {1996},
  doi     = {10.1142/S021773239600062X},
  URL     = {http://www.worldscientific.com/doi/abs/10.1142/S021773239600062X},
  eprint  = {http://www.worldscientific.com/doi/pdf/10.1142/S021773239600062X}
}

@inproceedings{veritas_t1_move,
  author        = "Perkens, Jeremy. S. and Maier, Gernot",
  title         = "{VERITAS Telescope 1 Relocation: Details and Improvements}",
  collaboration = "{VERITAS}",
  url           = "http://arxiv.org/abs/0912.3841",
  year          = "2009",
  eprint        = "0912.3841",
  archivePrefix = "arXiv"
  }


@inproceedings{calib_techniques,
  author        = {David Hanna},
  title         = "{Calibration of the VERITAS Gamma-ray Telescopes}",
  booktitle     = "{Proceedings, 30th International Cosmic Ray Conference, Merida, Mexico}",
  collaboration = "VERITAS",
  url           = "http://indico.nucleares.unam.mx/event/4/contribution/702",
  year          = {2008}
  }



@article{Bernlohr2008149,
  title   = "{Simulation of Imaging Atmospheric Cherenkov Telescopes with CORSIKA and sim\_telarray}",
  journal = {Astroparticle Physics},
  volume  = {30},
  number  = {3},
  pages   = {149-158},
  year    = {2008},
  issn    = "0927-6505",
  doi     = "http://dx.doi.org/10.1016/j.astropartphys.2008.07.009",
  url     = "{http://www.sciencedirect.com/science/article/pii/S0927650508000972}",
  author  = {Konrad Bernl{\"o}hr}
  }

@article{localdwarfs,
  author  = { Mario Mateo},
  title   = {{Dwarf Galaxies of the Local Group}},
  journal = {Annual Review of Astronomy and Astrophysics},
  volume  = {36},
  number  = {1},
  pages   = {435-506},
  year    = {1998},
  doi     = {10.1146/annurev.astro.36.1.435},
  url     = { https://doi.org/10.1146/annurev.astro.36.1.435},
  eprint  = { https://doi.org/10.1146/annurev.astro.36.1.435}
}

@ARTICLE{flores1994observational,
   author = {{Flores}, R.~A. and {Primack}, J.~R.},
    title = "{Observational and Theoretical Constraints on Singular Dark Matter Halos}",
  journal = {The Astrophysical Journal},
   eprint = {astro-ph/9402004},
     year = 1994,
    month = may,
   volume = 427,
    pages = {L1-L4},
      doi = {10.1086/187350},
      url = {http://adsabs.harvard.edu/abs/1994ApJ...427L...1F},
}

@ARTICLE{neutrinoHeirarchical,
   author = {{Bond}, J.~R. and {Szalay}, A.~S.},
    title = "{The Collisionless Damping of Density Fluctuations in an Expanding Universe}",
  journal = {The Astrophysical Journal},
 keywords = {Cosmology, Elementary Particles, Mass Distribution, Particle Theory, Relativistic Theory, Universe, Damping, Evolution (Development), Neutrinos, Perturbation Theory},
     year = 1983,
    month = nov,
   volume = 274,
    pages = {443-468},
      doi = {10.1086/161460},
      url = {http://adsabs.harvard.edu/abs/1983ApJ...274..443B},
  adsnote = {Provided by the SAO/NASA Astrophysics Data System}
}

@article{CoreVsCusp,
  title     = "{Unitarity Bounds and the Cuspy Halo Problem}",
  author    = {Hui, Lam},
  journal   = {Physical Review Letters},
  volume    = {86},
  issue     = {16},
  pages     = {3467--3470},
  numpages  = {0},
  year      = {2001},
  publisher = {American Physical Society},
  doi       = {10.1103/PhysRevLett.86.3467},
  url       = {https://link.aps.org/doi/10.1103/PhysRevLett.86.3467}
}

@article{ellis2017tikz,
  title     = {{Tikz-feynman: Feynman Diagrams with tikz}},
  author    = {Ellis, Joshua P},
  journal   = {Computer Physics Communications},
  volume    = {210},
  pages     = {103--123},
  year      = {2017},
  publisher = {Elsevier},
  url       = {https://jpellis.me/projects/tikz-feynman/}
}

@article{gammalibctools,
  author  = {J Kn{\"o}dlseder and M Mayer and C Deil and J-B Cayrou and E Owen and N Kelley-Hoskins and C-C Lu and R Buehler and F Forest and T Louge and H Siejkowski and K Kosack and L Gerard and A Schulz and P Martin and D Sanchez and S Ohm and T Hassan and S Brau-Nogu{\'e}, S.},
  title   = "{GammaLib and ctools - A Software Framework for the Analysis of Astronomical Gamma-Ray Data}",
  DOI     = "10.1051/0004-6361/201628822",
  url     = "https://doi.org/10.1051/0004-6361/201628822",
  journal = {Astronomy \& Astrophysics},
  year    = 2016,
  volume  = 593,
  pages   = "A1"
  }

@article{inflation0,
  title     = "{Inflationary Universe: A Possible Solution to the Horizon and Flatness Problems}",
  author    = {Guth, Alan H.},
  journal   = {Physical Review D},
  volume    = {23},
  issue     = {2},
  pages     = {347--356},
  numpages  = {0},
  year      = {1981},
  month     = {Jan},
  publisher = {American Physical Society},
  doi       = {10.1103/PhysRevD.23.347},
  url       = {https://link.aps.org/doi/10.1103/PhysRevD.23.347}
}


@article{inflation1,
  title     = {{Fluctuations in the New Inflationary Universe}},
  author    = {Guth, Alan H. and Pi, So-Young},
  journal   = {Physical Review Letters},
  volume    = {49},
  issue     = {15},
  pages     = {1110--1113},
  numpages  = {0},
  year      = {1982},
  month     = {Oct},
  publisher = {American Physical Society},
  doi       = {10.1103/PhysRevLett.49.1110},
  url       = {https://link.aps.org/doi/10.1103/PhysRevLett.49.1110}
}

@article{inflation2,
  title     = {{Cosmology for Grand Unified Theories with Radiatively Induced Symmetry Breaking}},
  author    = {Albrecht, Andreas and Steinhardt, Paul J.},
  journal   = {Physical Review Letters},
  volume    = {48},
  issue     = {17},
  pages     = {1220--1223},
  numpages  = {0},
  year      = {1982},
  month     = {Apr},
  publisher = {American Physical Society},
  doi       = {10.1103/PhysRevLett.48.1220},
  url       = {https://link.aps.org/doi/10.1103/PhysRevLett.48.1220}
}

@article{inflation3,
  title   = {{Experimental Observation of Lepton Pairs of Invariant Mass Around 95 GeV/c2 at the CERN SPS Collider}},
  journal = "Physics Letters B",
  volume  = "126",
  number  = "5",
  pages   = "398 - 410",
  year    = "1983",
  issn    = "0370-2693",
  doi     = "https://doi.org/10.1016/0370-2693(83)90188-0",
  url     = "http://www.sciencedirect.com/science/article/pii/0370269383901880",
  author  = "G. Arnison and A. Astbury and B. Aubert and C. Bacci and G. Bauer and A. Bézaguet and R. Böck and T.J.V. Bowcock and M. Calvetti and P. Catz and P. Cennini and S. Centro and F. Ceradini and S. Cittolin and D. Cline and C. Cochet and J. Colas and M. Corden and D. Dallman and D. Dau and M. DeBeer and M.Della Negra and M. Demoulin and D. Denegri and A. Di Ciaccio and D. Dibitonto and L. Dobrzynski and J.D. Dowell and K. Eggert and E. Eisenhandler and N. Ellis and P. Erhard and H. Faissner and M. Fincke and G. Fontaine and R. Frey and R. Frühwirth and J. Garvey and S. Geer and C. Ghesquière and P. Ghez and K. Giboni and W.R. Gibson and Y. Giraud-Héraud and A. Givernaud and A. Gonidec and G. Grayer and T. Hansl-Kozaȧecka and W.J. Haynes and L.O. Hertzberger and C. Hodges and D. Hoffmann and H. Hoffmann and D.J. Holthuizen and R.J. Homer and A. Honma and W. Jank and G. Jorat and P.I.P. Kalmus and V. Karimäki and R. Keeler and I. Kenyon and A. Kernan and R. Kinnunen and W. Kozanecki and D. Kryn and F. Lacava and J.-P. Laugier and J.-P. Lees and H. Lehmann and R. Leuchs and A. Lévêque and D. Linglin and E. Locci and J.-J. Malosse and T. Markiewicz and G. Maurin and T. McMahon and J.-P. Mendiburu and M.-N. Minard and M. Mohammadi and M. Moricca and K. Morgan and H. Muirhead and F. Muller and A.K. Nandi and L. Naumann and A. Norton and A. Orkin-Lecourtois and L. Paoluzi and F. Pauss and G.Piano Mortari and E. Pietarinen and M. Pimiä and A. Placci and J.P. Porte and E. Radermacher and J. Ransdell and H. Reithler and J.-P. Revol and J. Rich and M. Rijssenbeek and C. Roberts and J. Rohlf and P. Rossi and C. Rubbia and B. Sadoulet and G. Sajot and G. Salvi and G. Salvini and J. Sass and J. Saudraix and A. Savoy-Navarro and D. Schinzel and W. Scott and T.P. Shah and M. Spiro and J. Strauss and J. Streets and K. Sumorok and F. Szoncso and D. Smith and C. Tao and G. Thompson and J. Timmer and E. Tscheslog and J. Touminiemi and B. Van Eijk and J.-P. Vialle and J. Vrana and V. Vuillemin and H.D. Wahl and P. Watkins and J. Wilson and C. Wulz and G.Y. Xie and M. Yvert and E. Zurfluh"
}


@article{baryogenesis1,
  title   = {{A New Mechanism for Baryogenesis}},
  journal = "Nuclear Physics B",
  volume  = "249",
  number  = "2",
  pages   = "361 - 380",
  year    = "1985",
  issn    = "0550-3213",
  doi     = "https://doi.org/10.1016/0550-3213(85)90021-5",
  url     = "http://www.sciencedirect.com/science/article/pii/0550321385900215",
  author  = "Ian Affleck and Michael Dine"
}

@article{baryogenesis2,
  title   = "{Progress in Electroweak Baryogenesis}",
  author  = {Cohen, A G and Kaplan, D B and Nelson, A E},
  journal = {Annual Review of Nuclear and Particle Science},
  volume  = {43},
  number  = {1},
  pages   = {27-70},
  year    = {1993},
  doi     = {10.1146/annurev.ns.43.120193.000331},
  URL     = {https://doi.org/10.1146/annurev.ns.43.120193.000331},
}

@article{wimp_veldist,
  title     = "{Galactic Halo Models and Particle Dark-Matter Detection}",
  author    = {Kamionkowski, Marc and Kinkhabwala, Ali},
  journal   = {Physical Review D},
  volume    = {57},
  issue     = {6},
  pages     = {3256--3263},
  numpages  = {0},
  year      = {1998},
  month     = {Mar},
  publisher = {American Physical Society},
  doi       = {10.1103/PhysRevD.57.3256},
  url       = {https://link.aps.org/doi/10.1103/PhysRevD.57.3256}
}


@inproceedings{hillas_params,
  author    = {A M Hillas},
  title     = "{Cerenkov Light Images of EAS Produced by Primary Gamma Rays and by Nuclei}",
  booktitle = "{Proceedings, 19th International Cosmic Ray Conference (ICRC 1985 La Jolla)}",
  year      = 1985,
  volume    = 3,
  pages     = 445,
  url       = {https://ntrs.nasa.gov/search.jsp?R=19850026666}
  }


@article{Simon2007_dwarfgalaxykeck,
  author  = {J D Simon and M Geha},
  year    = 2007,
  title   = "{The Kinematics of the Ultra-Faint Milky Way Satellites: Solving the Missing Satellite Problem}",
  journal = {The Astrophysical Journal},
  volume  = 670,
  pages   = {313-331},
  doi     = "iopscience.iop.org/article/10.1086/521816/pdf",
  url     = "arxiv.org/abs/0706.0516"
  }

@inproceedings{pmtmodels,
  author         = "Otte, A. Nepomuk and Gebremedhin, L. and Kaplan, K. and Long, D.",
  title          = "{The Upgrade of VERITAS with High Efficiency Photomultipliers}",
  booktitle      = "{Proceedings, 32nd International Cosmic Ray Conference (ICRC 2011)}",
  collaboration  = "VERITAS",
  url            = "http://inspirehep.net/record/940820/files/arXiv:1110.4702.pdf",
  volume         = "9",
  year           = "2011",
  pages          = "247",
  doi            = "10.7529/ICRC2011/V09/1305",
  eprint         = "1110.4702",
  archivePrefix  = "arXiv",
  primaryClass   = "astro-ph.IM",
  }

@ARTICLE{mirrorfacets,
  author  = {E Roache and R Irvin and J S Perkins and K Harris and A Falcone and J Finley and T Weeks},
  title   = "{Mirror Facets for the VERITAS Telescopes}",
  journal = {International Cosmic Ray Conference},
  year    = 2008,
  volume  = 3,
  pages   = {1397-1400},
  url     = {http://adsabs.harvard.edu/abs/2008ICRC....3.1397R},
  adsnote = {Provided by the SAO/NASA Astrophysics Data System},
  url     = {https://galprop.stanford.edu/elibrary/icrc/2007/preliminary/pdf/icrc0673.pdf}
  }

@article{iau_solarconstants,
  author   = {Andrej Pr{\v s}a and Petr Harmanec and Guillermo Torres and Eric Mamajek and Martin Asplund and Nicole Capitaine and J{\o}rgen Christensen-Dalsgaard and {\'E}ric Depagne and Margit Haberreiter and Saskia Hekker and James Hilton and Greg Kopp and Veselin Kostov and Donald W Kurtz and Jacques Laskar and Brian D. Mason and Eugene F. Milone and Michele Montgomery and Mercedes Richards and Werner Schmutz and Jesper Schou and Susan G. Stewart},
  title    = "{Nominal Values for Selected Solar and Planetary Quantities: IAU 2015 Resolution B3}",
  journal  = {The Astronomical Journal},
  volume   = {152},
  number   = {2},
  pages    = {41},
  url      = {http://stacks.iop.org/1538-3881/152/i=2/a=41},
  year     = {2016}
}

@article{pdg2016,
  title  = "{Particle Data Group}",
  author = {Patrignani, C and others},
  journal= {Chinese Physics C},
  volume = {40},
  pages  = {100001},
  year   = {2016 and 2017 update},
  url    = {http://pdg.lbl.gov/2017/listings/rpp2017-list-pi-zero.pdf},
}

@online{hoopergc,
  author = {Dan Hooper},
  title  = {The Galactic Center Gamma-Ray Excess and its Interpretations},
  url    = {https://indico.desy.de/indico/event/18204/session/12/contribution/132},
  organization = {TeVPA 2018},
  date    = {2018-08-31},
  urldate = {2019-03-09}
}

@article{tanabashi2018review,
  title = "{Review of Particle Physics}",
  author = {Tanabashi, M. and Hagiwara, K. and Hikasa, K. and Nakamura, K. and Sumino, Y. and Takahashi, F. and Tanaka, J. and Agashe, K. and Aielli, G. and Amsler, C. and Antonelli, M. and Asner, D. M. and Baer, H. and Banerjee, Sw. and Barnett, R. M. and Basaglia, T. and Bauer, C. W. and Beatty, J. J. and Belousov, V. I. and Beringer, J. and Bethke, S. and Bettini, A. and Bichsel, H. and Biebel, O. and Black, K. M. and Blucher, E. and Buchmuller, O. and Burkert, V. and Bychkov, M. A. and Cahn, R. N. and Carena, M. and Ceccucci, A. and Cerri, A. and Chakraborty, D. and Chen, M.-C. and Chivukula, R. S. and Cowan, G. and Dahl, O. and D'Ambrosio, G. and Damour, T. and de Florian, D. and de Gouv\^ea, A. and DeGrand, T. and de Jong, P. and Dissertori, G. and Dobrescu, B. A. and D'Onofrio, M. and Doser, M. and Drees, M. and Dreiner, H. K. and Dwyer, D. A. and Eerola, P. and Eidelman, S. and Ellis, J. and Erler, J. and Ezhela, V. V. and Fetscher, W. and Fields, B. D. and Firestone, R. and Foster, B. and Freitas, A. and Gallagher, H. and Garren, L. and Gerber, H.-J. and Gerbier, G. and Gershon, T. and Gershtein, Y. and Gherghetta, T. and Godizov, A. A. and Goodman, M. and Grab, C. and Gritsan, A. V. and Grojean, C. and Groom, D. E. and Gr\"unewald, M. and Gurtu, A. and Gutsche, T. and Haber, H. E. and Hanhart, C. and Hashimoto, S. and Hayato, Y. and Hayes, K. G. and Hebecker, A. and Heinemeyer, S. and Heltsley, B. and Hern\'andez-Rey, J. J. and Hisano, J. and H\"ocker, A. and Holder, J. and Holtkamp, A. and Hyodo, T. and Irwin, K. D. and Johnson, K. F. and Kado, M. and Karliner, M. and Katz, U. F. and Klein, S. R. and Klempt, E. and Kowalewski, R. V. and Krauss, F. and Kreps, M. and Krusche, B. and Kuyanov, Yu. V. and Kwon, Y. and Lahav, O. and Laiho, J. and Lesgourgues, J. and Liddle, A. and Ligeti, Z. and Lin, C.-J. and Lippmann, C. and Liss, T. M. and Littenberg, L. and Lugovsky, K. S. and Lugovsky, S. B. and Lusiani, A. and Makida, Y. and Maltoni, F. and Mannel, T. and Manohar, A. V. and Marciano, W. J. and Martin, A. D. and Masoni, A. and Matthews, J. and Mei\ss{}ner, U.-G. and Milstead, D. and Mitchell, R. E. and M\"onig, K. and Molaro, P. and Moortgat, F. and Moskovic, M. and Murayama, H. and Narain, M. and Nason, P. and Navas, S. and Neubert, M. and Nevski, P. and Nir, Y. and Olive, K. A. and Pagan Griso, S. and Parsons, J. and Patrignani, C. and Peacock, J. A. and Pennington, M. and Petcov, S. T. and Petrov, V. A. and Pianori, E. and Piepke, A. and Pomarol, A. and Quadt, A. and Rademacker, J. and Raffelt, G. and Ratcliff, B. N. and Richardson, P. and Ringwald, A. and Roesler, S. and Rolli, S. and Romaniouk, A. and Rosenberg, L. J. and Rosner, J. L. and Rybka, G. and Ryutin, R. A. and Sachrajda, C. T. and Sakai, Y. and Salam, G. P. and Sarkar, S. and Sauli, F. and Schneider, O. and Scholberg, K. and Schwartz, A. J. and Scott, D. and Sharma, V. and Sharpe, S. R. and Shutt, T. and Silari, M. and Sj\"ostrand, T. and Skands, P. and Skwarnicki, T. and Smith, J. G. and Smoot, G. F. and Spanier, S. and Spieler, H. and Spiering, C. and Stahl, A. and Stone, S. L. and Sumiyoshi, T. and Syphers, M. J. and Terashi, K. and Terning, J. and Thoma, U. and Thorne, R. S. and Tiator, L. and Titov, M. and Tkachenko, N. P. and T\"ornqvist, N. A. and Tovey, D. R. and Valencia, G. and Van de Water, R. and Varelas, N. and Venanzoni, G. and Verde, L. and Vincter, M. G. and Vogel, P. and Vogt, A. and Wakely, S. P. and Walkowiak, W. and Walter, C. W. and Wands, D. and Ward, D. R. and Wascko, M. O. and Weiglein, G. and Weinberg, D. H. and Weinberg, E. J. and White, M. and Wiencke, L. R. and Willocq, S. and Wohl, C. G. and Womersley, J. and Woody, C. L. and Workman, R. L. and Yao, W.-M. and Zeller, G. P. and Zenin, O. V. and Zhu, R.-Y. and Zhu, S.-L. and Zimmermann, F. and Zyla, P. A. and Anderson, J. and Fuller, L. and Lugovsky, V. S. and Schaffner, P.},
  collaboration = {Particle Data Group},
  journal = {Physical Review D},
  volume = {98},
  issue = {3},
  pages = {030001},
  numpages = {1898},
  year = {2018},
  month = {Aug},
  publisher = {American Physical Society},
  url = {https://link.aps.org/doi/10.1103/PhysRevD.98.030001}
}

@article{pdg_2008,
  title   = "Review of Particle Physics",
  journal = "Physics Letters B",
  volume  = "667",
  number  = "1",
  pages   = "1 - 6",
  year    = "2008",
  note    = "Review of Particle Physics",
  issn    = "0370-2693",
  doi     = "https://doi.org/10.1016/j.physletb.2008.07.018",
  url     = "http://www.sciencedirect.com/science/article/pii/S0370269308008435",
  author  = "C. Amsler and M. Doser and M. Antonelli and D.M. Asner and K.S. Babu and H. Baer and H.R. Band and R.M. Barnett and E. Bergren and J. Beringer and G. Bernardi and W. Bertl and H. Bichsel and O. Biebel and P. Bloch and E. Blucher and S. Blusk and R.N. Cahn and M. Carena and C. Caso and A. Ceccucci and D. Chakraborty and M.-C. Chen and R.S. Chivukula and G. Cowan and O. Dahl and G. D'Ambrosio and T. Damour and A. de Gouvêa and T. DeGrand and B. Dobrescu and M. Drees and D.A. Edwards and S. Eidelman and V.D. Elvira and J. Erler and V.V. Ezhela and J.L. Feng and W. Fetscher and B.D. Fields and B. Foster and T.K. Gaisser and L. Garren and H.-J. Gerber and G. Gerbier and T. Gherghetta and G.F. Giudice and M. Goodman and C. Grab and A.V. Gritsan and J.-F. Grivaz and D.E. Groom and M. Grünewald and A. Gurtu and T. Gutsche and H.E. Haber and K. Hagiwara and C. Hagmann and K.G. Hayes and J.J. Hernández-Rey and K. Hikasa and I. Hinchliffe and A. Höcker and J. Huston and P. Igo-Kemenes and J.D. Jackson and K.F. Johnson and T. Junk and D. Karlen and B. Kayser and D. Kirkby and S.R. Klein and I.G. Knowles and C. Kolda and R.V. Kowalewski and P. Kreitz and B. Krusche and Yu.V. Kuyanov and Y. Kwon and O. Lahav and P. Langacker and A. Liddle and Z. Ligeti and C.-J. Lin and T.M. Liss and L. Littenberg and J.C. Liu and K.S. Lugovsky and S.B. Lugovsky and H. Mahlke and M.L. Mangano and T. Mannel and A.V. Manohar and W.J. Marciano and A.D. Martin and A. Masoni and D. Milstead and R. Miquel and K. Mönig and H. Murayama and K. Nakamura and M. Narain and P. Nason and S. Navas and P. Nevski and Y. Nir and K.A. Olive and L. Pape and C. Patrignani and J.A. Peacock and A. Piepke and G. Punzi and A. Quadt and S. Raby and G. Raffelt and B.N. Ratcliff and B. Renk and P. Richardson and S. Roesler and S. Rolli and A. Romaniouk and L.J. Rosenberg and J.L. Rosner and C.T. Sachrajda and Y. Sakai and S. Sarkar and F. Sauli and O. Schneider and D. Scott and W.G. Seligman and M.H. Shaevitz and T. Sjöstrand and J.G. Smith and G.F. Smoot and S. Spanier and H. Spieler and A. Stahl and T. Stanev and S.L. Stone and T. Sumiyoshi and M. Tanabashi and J. Terning and M. Titov and N.P. Tkachenko and N.A. Törnqvist and D. Tovey and G.H. Trilling and T.G. Trippe and G. Valencia and K. van Bibber and M.G. Vincter and P. Vogel and D.R. Ward and T. Watari and B.R. Webber and G. Weiglein and J.D. Wells and M. Whalley and A. Wheeler and C.G. Wohl and L. Wolfenstein and J. Womersley and C.L. Woody and R.L. Workman and A. Yamamoto and W.-M. Yao and O.V. Zenin and J. Zhang and R.-Y. Zhu and P.A. Zyla and G. Harper and V.S. Lugovsky and P. Schaffner",
}

@article{berger196410,
  title   = "{10. Tables of Energy-Losses and Ranges of Electrons and Positrons}",
  author  = {Berger, M and Seltzer, S},
  journal = {Studies in penetration of charged particles in matter},
  number  = {39},
  pages   = {205},
  year    = {1964}
}
  
@article{magconsim2011,
  author  = {Lorenzo Sironi and Anatoly Spitkovsky},
  title   = {{Particle Acceleration in Relativistic Magnetized Collisionless Electron-Ion Shocks}},
  journal = {The Astrophysical Journal},
  volume  = {726},
  number  = {2},
  pages   = {75},
  url     = {http://stacks.iop.org/0004-637X/726/i=2/a=75},
  year    = {2011}
}
	
@article{magconsim2014,
  author  = {Lorenzo Sironi and Anatoly Spitkovsky},
  title   = "{Relativistic Reconnection: An Efficient Source of Non-thermal Particles}",
  journal = {The Astrophysical Journal Letters},
  volume  = {783},
  number  = {1},
  pages   = {L21},
  url     = {http://stacks.iop.org/2041-8205/783/i=1/a=L21},
  year    = {2014}
}
	

@inproceedings{hess_gc_plane,
      author         = "Carrigan, S. and Brun, F. and Chaves, R. C. G. and Deli, C. and Donath, A. and Gast, H. and Marandon, V. and Renaud, M.",
      title          = "{The H.E.S.S. Galactic Plane Survey - Maps, Source Catalog and Source Population}",
      booktitle      = "{Proceedings, 33rd International Cosmic Ray Conference (ICRC2013): Rio de Janeiro, Brazil, July 2-9, 2013}",
      collaboration  = "H.E.S.S.",
      url            = "http://www.cbpf.br/\%7Eicrc2013/papers/icrc2013-0741.pdf",
      year           = "2013",
      pages          = "0741",
      eprint         = "1307.4690",
      archivePrefix  = "arXiv",
      primaryClass   = "astro-ph.HE"
}


@article{Winston1970,
  author    = {Roland Winston},
  journal   = {The Journal of the Optical Society of America},
  keywords  = {},
  number    = {2},
  pages     = {245--247},
  publisher = {OSA},
  title     = {{Light Collection Within the Framework of Geometrical Optics}},
  volume    = {60},
  month     = {Feb},
  year      = {1970},
  url       = {http://www.osapublishing.org/abstract.cfm?URI=josa-60-2-245},
  doi       = {10.1364/JOSA.60.000245}
}

@inproceedings{Senturk:2011,
  author         = "\c{S}ent{\"u}rk, G. D.",
  title          = "{The Disp Method for Analysing Large Zenith Angle Gamma-Ray Data}",
  booktitle      = "{Proceedings, 32nd International Cosmic Ray Conference (ICRC 2011)}",
  collaboration  = "VERITAS",
  url            = "http://inspirehep.net/record/929899/files/arXiv:1109.6044.pdf",
  volume         = "9",
  year           = "2011",
  pages          = "127",
  doi            = "10.7529/ICRC2011/V09/0925",
  note           = "[9,127(2011)]",
  eprint         = "1109.6044",
  archivePrefix  = "arXiv",
  primaryClass   = "astro-ph.IM",
  SLACcitation   = "%%CITATION = ARXIV:1109.6044;%%"
  }

@article{VeritasGCRidge2015,
  author = {A. Archer and W. Benbow and R. Bird and M. Buchovecky and J. H. Buckley and V. Bugaev and K. Byrum and J. V Cardenzana and M. Cerruti and X. Chen and L. Ciupik and E. Collins-Hughes and M. P. Connolly and J. D. Eisch and A. Falcone and Q. Feng and J. P. Finley and H. Fleischhack and A. Flinders and L. Fortson and A. Furniss and G. H. Gillanders and S. Griffin and J. Grube and G. Gyuk and N. Håkansson and D. Hanna and J. Holder and T. B. Humensky and M. Hütten and C. A. Johnson and P. Kaaret and P. Kar and N. Kelley-Hoskins and M. Kertzman and D. Kieda and M. Krause and F. Krennrich and S. Kumar and M. J. Lang and S. McArthur and A. McCann and K. Meagher and J. Millis and P. Moriarty and R. Mukherjee and D. Nieto and R. A. Ong and N. Park and V. Pelassa and M. Pohl and A. Popkow and E. Pueschel and J. Quinn and K. Ragan and G. Ratliff and P. T. Reynolds and G. T. Richards and E. Roache and J. Rousselle and M. Santander and G. H. Sembroski and K. Shahinyan and A. W. Smith and D. Staszak and I. Telezhinsky and J. V. Tucci and J. Tyler and V. V. Vassiliev and S. P. Wakely and O. M. Weiner and A. Weinstein and A. Wilhelm and D. A. Williams and B. Zitzer and F. Yusef-Zadeh},
  title   = {{TeV Gamma-Ray Observations of the Galactic Center Ridge by VERITAS}},
  journal = {The Astrophysical Journal},
  volume  = {821},
  number  = {2},
  pages   = {129},
  url     = {http://stacks.iop.org/0004-637X/821/i=2/a=129},
  year    = {2016}
}
	

@article{ gc_pointsrc_hess,
  author  = {{Aharonian, F.} and {Akhperjanian, A. G.} and {Aye, K.-M.} and {Bazer-Bachi, A. R.} and {Beilicke, M.} and {Benbow, W.} and {Berge, D.} and {Berghaus, P.} and {Bernlöhr, K.} and {Bolz, O.} and {Boisson, C.} and {Borgmeier, C.} and {Breitling, F.} and {Brown, A. M.} and {Bussons Gordo, J.} and {Chadwick, P. M.} and {Chitnis, V. R.} and {Chounet, L.-M.} and {Cornils, R.} and {Costamante, L.} and {Degrange, B.} and {Djannati-Ataï, A.} and {L. O'C. Drury} and {Ergin, T.} and {Espigat, P.} and {Feinstein, F.} and {Fleury, P.} and {Fontaine, G.} and {Funk, S.} and {Gallant, Y.} and {Giebels, B.} and {Gillessen, S.} and {Goret, P.} and {Guy, J.} and {Hadjichristidis, C.} and {Hauser, M.} and {Heinzelmann, G.} and {Henri, G.} and {Hermann, G.} and {Hinton, J. A.} and {Hofmann, W.} and {Holleran, M.} and {Horns, D.} and {de Jager, O. C.} and {Jung, I.} and {Khélifi, B.} and {Komin, Nu.} and {Konopelko, A.} and {Latham, I. J.} and {Le Gallou, R.} and {Lemoine, M.} and {Lemière, A.} and {Leroy, N.} and {Lohse, T.} and {Marcowith, A.} and {Masterson, C.} and {McComb, T. J. L.} and {de Naurois, M.} and {Nolan, S. J.} and {Noutsos, A.} and {Orford, K. J.} and {Osborne, J. L.} and {Ouchrif, M.} and {Panter, M.} and {Pelletier, G.} and {Pita, S.} and {Pohl, M.} and {Pühlhofer, G.} and {Punch, M.} and {Raubenheimer, B. C.} and {Raue, M.} and {Raux, J.} and {Rayner, S. M.} and {Redondo, I.} and {Reimer, A.} and {Reimer, O.} and {Ripken, J.} and {Rivoal, M.} and {Rob, L.} and {Rolland, L.} and {Rowell, G.} and {Sahakian, V.} and {Saugé, L.} and {Schlenker, S.} and {Schlickeiser, R.} and {Schuster, C.} and {Schwanke, U.} and {Siewert, M.} and {Sol, H.} and {Steenkamp, R.} and {Stegmann, C.} and {Tavernet, J.-P.} and {Théoret, C. G.} and {Tluczykont, M.} and {van der Walt, D. J.} and {Vasileiadis, G.} and {Vincent, P.} and {Visser, B.} and {Völk, H. J.} and {Wagner, S. J.}},
  title   = "{Very High Energy Gamma Rays from the Direction of Sagittarius A*}",
  DOI     = "10.1051/0004-6361:200400055",
  url     = "https://doi.org/10.1051/0004-6361:200400055",
  journal = {Astronomy \& Astrophysics},
  year    = 2004,
  volume  = 425,
  number  = 1,
  pages   = "L13-L17"
}

@article{gc_pointsource_hess2,
  title   = {{The H.E.S.S. View of the Galactic Centre Region}},
  journal = "Nuclear Instruments and Methods in Physics Research Section A: Accelerators, Spectrometers, Detectors and Associated Equipment",
  volume  = "588",
  number  = "1",
  pages   = "72 - 75",
  year    = "2008",
  note    = "Proceedings of the First International Conference on Astroparticle Physics",
  issn    = "0168-9002",
  doi     = "https://doi.org/10.1016/j.nima.2008.01.025",
  url     = "http://www.sciencedirect.com/science/article/pii/S0168900208000429",
  author  = "Christopher van Eldik"
}

@article{gc_veritas_pointsource,
  author  = {K. Kosack and H. M. Badran and I. H. Bond and P. J. Boyle and S. M. Bradbury and J. H. Buckley and D. A. Carter-Lewis and O. Celik and V. Connaughton and W. Cui and M. Daniel and M. D’Vali and I. de la Calle Perez and C. Duke and A. Falcone and D. J. Fegan and S. J. Fegan and J. P. Finley and L. F. Fortson and J. A. Gaidos and S. Gammell and K. Gibbs and G. H. Gillanders and J. Grube and K. Gutierrez and J. Hall and T. A. Hall and D. Hanna and A. M. Hillas and J. Holder and D. Horan and A. Jarvis and M. Jordan and G. E. Kenny and M. Kertzman and D. Kieda and J. Kildea and J. Knapp and H. Krawczynski and F. Krennrich and M. J. Lang and S. Le Bohec and E. Linton and J. Lloyd-Evans and A. Milovanovic and J. McEnery and P. Moriarty and D. Muller and T. Nagai and S. Nolan and R. A. Ong and R. Pallassini and D. Petry and B. Power-Mooney and J. Quinn and M. Quinn and K. Ragan and P. Rebillot and P. T. Reynolds and H. J. Rose and M. Schroedter and G. H. Sembroski and S. P. Swordy and A. Syson and V. V. Vassiliev and S. P. Wakely and G. Walker and T. C. Weekes and J. Zweerink},
  title   = {{TeV Gamma-Ray Observations of the Galactic Center}},
  journal = {The Astrophysical Journal Letters},
  volume  = {608},
  number  = {2},
  pages   = {L97},
  url     = {http://stacks.iop.org/1538-4357/608/i=2/a=L97},
  year    = {2004}
}

@article{gc_magic_pointsource,
  author = {J. Albert and E. Aliu and H. Anderhub and P. Antoranz and A. Armada and M. Asensio and C. Baixeras and J. A. Barrio and M. Bartelt and H. Bartko and D. Bastieri and R. Bavikadi and W. Bednarek and K. Berger and C. Bigongiari and A. Biland and E. Bisesi and R. K. Bock and T. Bretz and I. Britvitch and M. Camara and A. Chilingarian and S. Ciprini and J. A. Coarasa and S. Commichau and J. L. Contreras and J. Cortina and V. Curtef and V. Danielyan and F. Dazzi and A. De Angelis and R. de los Reyes and B. De Lotto and E. Domingo-Santamaría and D. Dorner and M. Doro and M. Errando and M. Fagiolini and D. Ferenc and E. Fernández and R. Firpo and J. Flix and M. V. Fonseca and L. Font and N. Galante and M. Garczarczyk and M. Gaug and M. Giller and F. Goebel and D. Hakobyan and M. Hayashida and T. Hengstebeck and D. Höhne and J. Hose and P. Jacon and O. Kalekin and D. Kranich and A. Laille and T. Lenisa and P. Liebing and E. Lindfors and F. Longo and J. López and M. López and E. Lorenz and F. Lucarelli and P. Majumdar and G. Maneva and K. Mannheim and M. Mariotti and M. Martínez and K. Mase and D. Mazin and M. Merck and M. Meucci and M. Meyer and J. M. Miranda and R. Mirzoyan and S. Mizobuchi and A. Moralejo and K. Nilsson and E. Oña-Wilhelmi and R. Orduña and N. Otte and I. Oya and D. Paneque and R. Paoletti and M. Pasanen and D. Pascoli and F. Pauss and N. Pavel and R. Pegna and L. Peruzzo and A. Piccioli and E. Prandini and J. Rico and W. Rhode and B. Riegel and M. Rissi and A. Robert and S. Rügamer and A. Saggion and A. Sánchez and P. Sartori and V. Scalzotto and R. Schmitt and T. Schweizer and M. Shayduk and K. Shinozaki and S. N. Shore and N. Sidro and A. Sillanpää and D. Sobczynska and A. Stamerra and A. Stepanian and L. S. Stark and L. Takalo and P. Temnikov and D. Tescaro and M. Teshima and N. Tonello and A. Torres and D. F. Torres and N. Turini and H. Vankov and A. Vardanyan and V. Vitale and R. M. Wagner and T. Wibig and W. Wittek and J. Zapatero},
  title   = {{Observation of Gamma Rays from the Galactic Center with the MAGIC Telescope}},
  journal = {The Astrophysical Journal Letters},
  volume  = {638},
  number  = {2},
  pages   = {L101},
  url     = {http://stacks.iop.org/1538-4357/638/i=2/a=L101},
  year    = {2006}
}

@article{mw_halo_params,
  author  = {Navarro, Julio F. and Ludlow, Aaron and Springel, Volker and Wang, Jie and Vogelsberger, Mark and White, Simon D. M. and Jenkins, Adrian and Frenk, Carlos S. and Helmi, Amina},
  title   = "{The Diversity and Similarity of Simulated Cold Dark Matter Haloes}",
  journal = {Monthly Notices of the Royal Astronomical Society},
  volume  = {402},
  number  = {1},
  pages   = {21-34},
  year    = {2010},
  doi     = {10.1111/j.1365-2966.2009.15878.x},
  URL     = {http://dx.doi.org/10.1111/j.1365-2966.2009.15878.x},
  eprint  = {/oup/backfile/content_public/journal/mnras/402/1/10.1111_j.1365-2966.2009.15878.x/1/mnras0402-0021.pdf}
}

@article{ tevgev_gc_diffuse,
  author  = {{Delahaye, T.} and {Fiasson, A.} and {Pohl, M.} and {Salati, P.}},
  title   = "{The GeV-TeV Galactic Gamma-Ray Diffuse Emission - I. Uncertainties in the Predictions of the Hadronic Component}",
  DOI     = "10.1051/0004-6361/201116647",
  url     = "https://doi.org/10.1051/0004-6361/201116647",
  journal = {Astronomy \& Astrophysics},
  year    = 2011,
  volume  = 531,
  pages   = "A37"
}

@article{Beilicke2012NIM,
  title    = "{The Galactic Center Region Imaged by VERITAS}",
  journal  = {Nuclear Instruments and Methods in Physics Research Section A},
  volume   = {692},
  pages    = {208-211},
  year     = "2012",
  note     = "3rd Roma International Conference on Astroparticle Physics ",
  issn     = "0168-9002",
  doi      = "http://dx.doi.org/10.1016/j.nima.2012.01.045",
  url      = "http://www.sciencedirect.com/science/article/pii/S016890021200085X",
  author   = "M. Beilicke"
}

@inproceedings{holder2008status,
  title       = "{Status of the VERITAS Observatory}",
  author      = {J Holder and VA Acciari and E Aliu and T Arlen and M Beilicke and W Benbow and SM Bradbury and JH Buckley and V Bugaev and Y Butt and others},
  booktitle   = {AIP Conference Proceedings},
  volume      = {1085},
  number      = {1},
  pages       = {657--660},
  year        = {2008},
  organization= {AIP},
  url         = {https://doi.org/10.1063/1.3076760}
}

@article{Voelk,
      author         = "Heinrich J Voelk and Konrad Bernloehr",
      title          = "{Imaging Very High Energy Gamma-Ray Telescopes}",
      journal        = "Experimental Astronomy",
      volume         = "25",
      year           = "2009",
      pages          = "173-191",
      doi            = "10.1007/s10686-009-9151-z",
      eprint         = "0812.4198",
      archivePrefix  = "arXiv",
      primaryClass   = "astro-ph",
      url            = {http://inspirehep.net/record/810115/}
}

@article{hessgcul,
  title  = "{Search for Dark Matter Annihilations Towards the Inner Galactic Halo from 10 Years of Observations with H.E.S.S.}",
  author = {Abdallah, H. and Abramowski, A. and Aharonian, F. and Ait Benkhali, F. and Akhperjanian, A. G. and Ang\"uner, E. and Arrieta, M. and Aubert, P. and Backes, M. and Balzer, A. and Barnard, M. and Becherini, Y. and Becker Tjus, J. and Berge, D. and Bernhard, S. and Bernl\"ohr, K. and Birsin, E. and Blackwell, R. and B\"ottcher, M. and Boisson, C. and Bolmont, J. and Bordas, P. and Bregeon, J. and Brun, F. and Brun, P. and Bryan, M. and Bulik, T. and Capasso, M. and Carr, J. and Casanova, S. and Chakraborty, N. and Chalme-Calvet, R. and Chaves, R. C. G. and Chen, A. and Chevalier, J. and Chr\'etien, M. and Colafrancesco, S. and Cologna, G. and Condon, B. and Conrad, J. and Couturier, C. and Cui, Y. and Davids, I. D. and Degrange, B. and Deil, C. and deWilt, P. and Djannati-Ata\"{\i}, A. and Domainko, W. and Donath, A. and Drury, L. O'C. and Dubus, G. and Dutson, K. and Dyks, J. and Dyrda, M. and Edwards, T. and Egberts, K. and Eger, P. and Ernenwein, J.-P. and Eschbach, S. and Farnier, C. and Fegan, S. and Fernandes, M. V. and Fiasson, A. and Fontaine, G. and F\"orster, A. and Funk, S. and F\"u\ss{}ling, M. and Gabici, S. and Gajdus, M. and Gallant, Y. A. and Garrigoux, T. and Giavitto, G. and Giebels, B. and Glicenstein, J. F. and Gottschall, D. and Goyal, A. and Grondin, M.-H. and Grudzi\ifmmode \acute{n}\else \'{n}\fi{}ska, M. and Hadasch, D. and Hahn, J. and Hawkes, J. and Heinzelmann, G. and Henri, G. and Hermann, G. and Hervet, O. and Hillert, A. and Hinton, J. A. and Hofmann, W. and Hoischen, C. and Holler, M. and Horns, D. and Ivascenko, A. and Jacholkowska, A. and Jamrozy, M. and Janiak, M. and Jankowsky, D. and Jankowsky, F. and Jingo, M. and Jogler, T. and Jouvin, L. and Jung-Richardt, I. and Kastendieck, M. A. and Katarzy\ifmmode \acute{n}\else \'{n}\fi{}ski, K. and Katz, U. and Kerszberg, D. and Kh\'elifi, B. and Kieffer, M. and King, J. and Klepser, S. and Klochkov, D. and Klu\ifmmode \acute{z}\else \'{z}\fi{}niak, W. and Kolitzus, D. and Komin, Nu. and Kosack, K. and Krakau, S. and Kraus, M. and Krayzel, F. and Kr\"uger, P. P. and Laffon, H. and Lamanna, G. and Lau, J. and Lees, J.-P. and Lefaucheur, J. and Lefranc, V. and Lemi\`ere, A. and Lemoine-Goumard, M. and Lenain, J.-P. and Leser, E. and Lohse, T. and Lorentz, M. and Lui, R. and Lypova, I. and Marandon, V. and Marcowith, A. and Mariaud, C. and Marx, R. and Maurin, G. and Maxted, N. and Mayer, M. and Meintjes, P. J. and Menzler, U. and Meyer, M. and Mitchell, A. M. W. and Moderski, R. and Mohamed, M. and Mor\aa{}, K. and Moulin, E. and Murach, T. and de Naurois, M. and Niederwanger, F. and Niemiec, J. and Oakes, L. and Odaka, H. and Ohm, S. and \"Ottl, S. and Ostrowski, M. and Oya, I. and Padovani, M. and Panter, M. and Parsons, R. D. and Paz Arribas, M. and Pekeur, N. W. and Pelletier, G. and Petrucci, P.-O. and Peyaud, B. and Pita, S. and Poon, H. and Prokhorov, D. and Prokoph, H. and P\"uhlhofer, G. and Punch, M. and Quirrenbach, A. and Raab, S. and Reimer, A. and Reimer, O. and Renaud, M. and de los Reyes, R. and Rieger, F. and Romoli, C. and Rosier-Lees, S. and Rowell, G. and Rudak, B. and Rulten, C. B. and Sahakian, V. and Salek, D. and Sanchez, D. A. and Santangelo, A. and Sasaki, M. and Schlickeiser, R. and Sch\"ussler, F. and Schulz, A. and Schwanke, U. and Schwemmer, S. and Seyffert, A. S. and Shafi, N. and Simoni, R. and Sol, H. and Spanier, F. and Spengler, G. and Spie\ss{}, F. and Stawarz, L. and Steenkamp, R. and Stegmann, C. and Stinzing, F. and Stycz, K. and Sushch, I. and Tavernet, J.-P. and Tavernier, T. and Taylor, A. M. and Terrier, R. and Tluczykont, M. and Trichard, C. and Tuffs, R. and van der Walt, J. and van Eldik, C. and van Soelen, B. and Vasileiadis, G. and Veh, J. and Venter, C. and Viana, A. and Vincent, P. and Vink, J. and Voisin, F. and V\"olk, H. J. and Vuillaume, T. and Wadiasingh, Z. and Wagner, S. J. and Wagner, P. and Wagner, R. M. and White, R. and Wierzcholska, A. and Willmann, P. and W\"ornlein, A. and Wouters, D. and Yang, R. and Zabalza, V. and Zaborov, D. and Zacharias, M. and Zdziarski, A. A. and Zech, A. and Zefi, F. and Ziegler, A. and \ifmmode \dot{Z}\else \.{Z}\fi{}ywucka, N.},
  collaboration = {H.E.S.S. Collaboration},
  journal = {Physical Review Letters},
  volume = {117},
  issue = {11},
  pages = {111301},
  numpages = {6},
  year = {2016},
  month = {Sep},
  publisher = {American Physical Society},
  doi = {10.1103/PhysRevLett.117.111301},
  url = {https://link.aps.org/doi/10.1103/PhysRevLett.117.111301}
}


@article{verdsphul,
  title  = "{Dark Matter Constraints from a Joint Analysis of Dwarf Spheroidal Galaxy Observations with VERITAS}",
  author = {Archambault, S. and Archer, A. and Benbow, W. and Bird, R. and Bourbeau, E. and Brantseg, T. and Buchovecky, M. and Buckley, J. H. and Bugaev, V. and Byrum, K. and Cerruti, M. and Christiansen, J. L. and Connolly, M. P. and Cui, W. and Daniel, M. K. and Feng, Q. and Finley, J. P. and Fleischhack, H. and Fortson, L. and Furniss, A. and Geringer-Sameth, A. and Griffin, S. and Grube, J. and H\"utten, M. and H\aa{}kansson, N. and Hanna, D. and Hervet, O. and Holder, J. and Hughes, G. and Hummensky, B. and Johnson, C. A. and Kaaret, P. and Kar, P. and Kelley-Hoskins, N. and Kertzman, M. and Kieda, D. and Koushiappas, S. and Krause, M. and Krennrich, F. and Lang, M. J. and Lin, T. T. Y. and McArthur, S. and Moriarty, P. and Mukherjee, R. and Nieto, D. and O'Brien, S. and Ong, R. A. and Otte, A. N. and Park, N. and Pohl, M. and Popkow, A. and Pueschel, E. and Quinn, J. and Ragan, K. and Reynolds, P. T. and Richards, G. T. and Roache, E. and Rulten, C. and Sadeh, I. and Santander, M. and Sembroski, G. H. and Shahinyan, K. and Smith, A. W. and Staszak, D. and Telezhinsky, I. and Trepanier, S. and Tucci, J. V. and Tyler, J. and Wakely, S. P. and Weinstein, A. and Wilcox, P. and Williams, D. A. and Zitzer, B.},
  collaboration = {The VERITAS Collaboration},
  journal = {Physical Review D},
  volume = {95},
  issue = {8},
  pages = {082001},
  numpages = {14},
  year = {2017},
  month = {Apr},
  publisher = {American Physical Society},
  doi = {10.1103/PhysRevD.95.082001},
  url = {https://link.aps.org/doi/10.1103/PhysRevD.95.082001}
}


@article{fermagicul,
  author  = {Ahnen, ML and Ansoldi, S and Antonelli, L A and others},
  title   = "{Limits to Dark Matter Annihilation Cross-Section from a Combined Analysis of MAGIC and Fermi-LAT Observations of Dwarf Satellite Galaxies}",
  journal = {Journal of Cosmology and Astroparticle Physics},
  volume  = {2016},
  number  = {02},
  pages   = {039},
  url     = {http://stacks.iop.org/1475-7516/2016/i=02/a=039},
  year    = {2016}
  collaboration = {MAGIC}
}



@article{sommerfeld,
  title     = "{Sommerfeld Enhancements for Thermal Relic Dark Matter}",
  author    = {Feng, Jonathan L. and Kaplinghat, Manoj and Yu, Hai-Bo},
  journal   = {Physical Review D},
  volume    = {82},
  issue     = {8},
  pages     = {083525},
  numpages  = {19},
  year      = {2010},
  month     = {Oct},
  publisher = {American Physical Society},
  doi       = {10.1103/PhysRevD.82.083525},
  url       = {https://link.aps.org/doi/10.1103/PhysRevD.82.083525}
}



@article{pdg_2012,
  title     = "{Review of Particle Physics}",
  author    = {Beringer, J. and others},
  collaboration = {Particle Data Group},
  journal   = {Physical Review D},
  volume    = {86},
  issue     = {1},
  pages     = {010001},
  numpages  = {1528},
  year      = {2012},
  publisher = {American Physical Society},
  doi       = {10.1103/PhysRevD.86.010001},
  url       = {http://link.aps.org/doi/10.1103/PhysRevD.86.010001}
  }

@article{magic2015crab,
      author         = "Aleksi{\'c}, J. and others",
      title          = "{The Major Upgrade of the MAGIC Telescopes, Part II: A Performance Study Using Observations of the Crab Nebula}",
      collaboration  = "MAGIC",
      journal        = "Astroparticle Physics",
      volume         = "72",
      year           = "2016",
      pages          = "76-94",
      doi            = "10.1016/j.astropartphys.2015.02.005",
      eprint         = "1409.5594",
      archivePrefix  = "arXiv",
      primaryClass   = "astro-ph.IM",
      SLACcitation   = "%%CITATION = ARXIV:1409.5594;%%",
      url            = {http://inspirehep.net/record/1318574/}
}

@article{veritas2015crab,
      author         = "Meagher, Kevin",
      title          = "{Six Years of VERITAS Observations of the Crab Nebula}",
      booktitle      = "{Proceedings, 34th International Cosmic Ray Conference (ICRC 2015): The Hague, The Netherlands, July 30-August 6, 2015}",
      collaboration  = "VERITAS",
      journal        = "Proceedings of Science",
      volume         = "ICRC2015",
      year           = "2016",
      pages          = "792",
      url            = {https://arxiv.org/abs/1508.06442}
}


@article{gc_fermi_dm,
  title     = "{Origin of the Gamma Rays from the Galactic Center}",
  author    = {Hooper, Dan and Linden, Tim},
  journal   = {Physical Review D},
  volume    = {84},
  issue     = {12},
  pages     = {123005},
  numpages  = {13},
  year      = {2011},
  month     = {Dec},
  publisher = {American Physical Society},
  doi       = {10.1103/PhysRevD.84.123005},
  url       = {https://link.aps.org/doi/10.1103/PhysRevD.84.123005}
}

@article{fermi_gc_pulsar_vs_dm,
  title     = "{Dark Matter and Pulsar Model Constraints from Galactic Center Fermi-LAT Gamma-Ray Observations}",
  author    = {Gordon, Chris and Mac\'{\i}as, Oscar},
  journal   = {Physical Review D},
  volume    = {88},
  issue     = {8},
  pages     = {083521},
  numpages  = {18},
  year      = {2013},
  month     = {Oct},
  publisher = {American Physical Society},
  doi       = {10.1103/PhysRevD.88.083521},
  url       = {https://link.aps.org/doi/10.1103/PhysRevD.88.083521}
}


@article{hess2006crab,
  author         = "Aharonian, F. and others",
  title          = "{Observations of the Crab Nebula with H.E.S.S}",
  collaboration  = "H.E.S.S.",
  journal        = "Astronomy \& Astrophysics",
  volume         = "457",
  year           = "2006",
  pages          = "899-915",
  doi            = "10.1051/0004-6361:20065351",
  eprint         = "astro-ph/0607333",
  archivePrefix  = "arXiv",
  primaryClass   = "astro-ph",
  url            = {www.doi.org/10.1051/0004-6361:20065351}
}

@article{cosmicrayspectrumorigin,
  author = {Nicola Tomassetti},
  title  = "{Origin of the Cosmic-Ray Spectral Hardening}",
  journal= {The Astrophysical Journal Letters},
  volume = {752},
  number = {1},
  pages  = {L13},
  url    = {http://stacks.iop.org/2041-8205/752/i=1/a=L13},
  year   = {2012}
}

@article{pdg_2014,
  author  = {K A Olive and others},
  title   = "{Review of Particle Physics}",
  journal = {Chinese Physics},
  volume  = "C38",
  year    = "2014",
  pages   = "090001",
  doi     = "10.1088/1674-1137/38/9/090001",
  collaboration  = "Particle Data Group",
  SLACcitation   = "%%CITATION = CHPHD,C38,090001;%%",
  url     = {http://doi.org/10.1088/1674-1137/38/9/090001}
}

@article{gc_pevatron,
  title   = "{Acceleration of Petaelectronvolt Protons in the Galactic Centre}",
  year    = "2016",
  author  = "{HESS Collaboration}",
  journal = {Nature},
  doi     = "11.1038/nature17147",
  volume  = "531",
  pages   = "476-479",
  url     = {https://www.nature.com/articles/nature17147}
}

@article{gc_pulsars,
  author = {Jovana Petrovi{\'c} and Pasquale D Serpico and Gabrijela Zaharijas},
  title  = "{Millisecond Pulsars and the Galactic Center Gamma-ray Excess: the Importance of Luminosity Function and Secondary Emission}",
  journal= {Journal of Cosmology and Astroparticle Physics},
  volume = {2015},
  number = {02},
  pages  = {023},
  url    = {http://stacks.iop.org/1475-7516/2015/i=02/a=023},
  year   = {2015}
}

@article{corecusp_baryondiffuse1,
  author  = {A V Macci{\`o} and G Stinson and C B Brook and J Wadsley and H M P Couchman and S Shen and B K Gibson and T Quinn},
  title   = "{Halo Expansion in Cosmological Hydro Simulations: Toward a Baryonic Solution of the Cusp/Core Problem in Massive Spirals}",
  journal = {The Astrophysical Journal Letters},
  volume  = {744},
  number  = {1},
  pages   = {L9},
  url     = {http://stacks.iop.org/2041-8205/744/i=1/a=L9},
  year    = {2012}
}
	
@article{corecusp_baryondiffuse2,
  author  = {Go Ogiya and Masao Mori},
  title   = {{The Core-Cusp Problem in Cold Dark Matter Halos and Supernova Feedback: Effects of Oscillation}},
  journal = {The Astrophysical Journal},
  volume  = {793},
  number  = {1},
  pages   = {46},
  url     = {http://stacks.iop.org/0004-637X/793/i=1/a=46},
  year    = {2014}
}
	



@article{veritas_dm_limit,
      author         = "Archambault, S. and others",
      title          = {{Dark Matter Constraints from a Joint Analysis of Dwarf Spheroidal Galaxy Observations with VERITAS}},
      collaboration  = "VERITAS",
      journal        = "Physical Review",
      volume         = "D95",
      year           = "2017",
      number         = "8",
      pages          = "082001",
      doi            = "10.1103/PhysRevD.95.082001",
      eprint         = "1703.04937",
      archivePrefix  = "arXiv",
      primaryClass   = "astro-ph.HE",
      SLACcitation   = "%%CITATION = ARXIV:1703.04937;%%"
}

@article{hess_dm_limit,
  title = "{Search for Dark Matter Annihilations Towards the Inner Galactic Halo from 10 Years of Observations with H.E.S.S.}",
  author = {Abdallah, H. and Abramowski, A. and Aharonian, F. and Ait Benkhali, F. and Akhperjanian, A. G. and Ang\"uner, E. and Arrieta, M. and Aubert, P. and Backes, M. and Balzer, A. and Barnard, M. and Becherini, Y. and Becker Tjus, J. and Berge, D. and Bernhard, S. and Bernl\"ohr, K. and Birsin, E. and Blackwell, R. and B\"ottcher, M. and Boisson, C. and Bolmont, J. and Bordas, P. and Bregeon, J. and Brun, F. and Brun, P. and Bryan, M. and Bulik, T. and Capasso, M. and Carr, J. and Casanova, S. and Chakraborty, N. and Chalme-Calvet, R. and Chaves, R. C. G. and Chen, A. and Chevalier, J. and Chr\'etien, M. and Colafrancesco, S. and Cologna, G. and Condon, B. and Conrad, J. and Couturier, C. and Cui, Y. and Davids, I. D. and Degrange, B. and Deil, C. and deWilt, P. and Djannati-Ata\"{\i}, A. and Domainko, W. and Donath, A. and Drury, L. O'C. and Dubus, G. and Dutson, K. and Dyks, J. and Dyrda, M. and Edwards, T. and Egberts, K. and Eger, P. and Ernenwein, J.-P. and Eschbach, S. and Farnier, C. and Fegan, S. and Fernandes, M. V. and Fiasson, A. and Fontaine, G. and F\"orster, A. and Funk, S. and F\"u\ss{}ling, M. and Gabici, S. and Gajdus, M. and Gallant, Y. A. and Garrigoux, T. and Giavitto, G. and Giebels, B. and Glicenstein, J. F. and Gottschall, D. and Goyal, A. and Grondin, M.-H. and Grudzi\ifmmode \acute{n}\else \'{n}\fi{}ska, M. and Hadasch, D. and Hahn, J. and Hawkes, J. and Heinzelmann, G. and Henri, G. and Hermann, G. and Hervet, O. and Hillert, A. and Hinton, J. A. and Hofmann, W. and Hoischen, C. and Holler, M. and Horns, D. and Ivascenko, A. and Jacholkowska, A. and Jamrozy, M. and Janiak, M. and Jankowsky, D. and Jankowsky, F. and Jingo, M. and Jogler, T. and Jouvin, L. and Jung-Richardt, I. and Kastendieck, M. A. and Katarzy\ifmmode \acute{n}\else \'{n}\fi{}ski, K. and Katz, U. and Kerszberg, D. and Kh\'elifi, B. and Kieffer, M. and King, J. and Klepser, S. and Klochkov, D. and Klu\ifmmode \acute{z}\else \'{z}\fi{}niak, W. and Kolitzus, D. and Komin, Nu. and Kosack, K. and Krakau, S. and Kraus, M. and Krayzel, F. and Kr\"uger, P. P. and Laffon, H. and Lamanna, G. and Lau, J. and Lees, J.-P. and Lefaucheur, J. and Lefranc, V. and Lemi\`ere, A. and Lemoine-Goumard, M. and Lenain, J.-P. and Leser, E. and Lohse, T. and Lorentz, M. and Lui, R. and Lypova, I. and Marandon, V. and Marcowith, A. and Mariaud, C. and Marx, R. and Maurin, G. and Maxted, N. and Mayer, M. and Meintjes, P. J. and Menzler, U. and Meyer, M. and Mitchell, A. M. W. and Moderski, R. and Mohamed, M. and Mor\aa{}, K. and Moulin, E. and Murach, T. and de Naurois, M. and Niederwanger, F. and Niemiec, J. and Oakes, L. and Odaka, H. and Ohm, S. and \"Ottl, S. and Ostrowski, M. and Oya, I. and Padovani, M. and Panter, M. and Parsons, R. D. and Paz Arribas, M. and Pekeur, N. W. and Pelletier, G. and Petrucci, P.-O. and Peyaud, B. and Pita, S. and Poon, H. and Prokhorov, D. and Prokoph, H. and P\"uhlhofer, G. and Punch, M. and Quirrenbach, A. and Raab, S. and Reimer, A. and Reimer, O. and Renaud, M. and de los Reyes, R. and Rieger, F. and Romoli, C. and Rosier-Lees, S. and Rowell, G. and Rudak, B. and Rulten, C. B. and Sahakian, V. and Salek, D. and Sanchez, D. A. and Santangelo, A. and Sasaki, M. and Schlickeiser, R. and Sch\"ussler, F. and Schulz, A. and Schwanke, U. and Schwemmer, S. and Seyffert, A. S. and Shafi, N. and Simoni, R. and Sol, H. and Spanier, F. and Spengler, G. and Spie\ss{}, F. and Stawarz, L. and Steenkamp, R. and Stegmann, C. and Stinzing, F. and Stycz, K. and Sushch, I. and Tavernet, J.-P. and Tavernier, T. and Taylor, A. M. and Terrier, R. and Tluczykont, M. and Trichard, C. and Tuffs, R. and van der Walt, J. and van Eldik, C. and van Soelen, B. and Vasileiadis, G. and Veh, J. and Venter, C. and Viana, A. and Vincent, P. and Vink, J. and Voisin, F. and V\"olk, H. J. and Vuillaume, T. and Wadiasingh, Z. and Wagner, S. J. and Wagner, P. and Wagner, R. M. and White, R. and Wierzcholska, A. and Willmann, P. and W\"ornlein, A. and Wouters, D. and Yang, R. and Zabalza, V. and Zaborov, D. and Zacharias, M. and Zdziarski, A. A. and Zech, A. and Zefi, F. and Ziegler, A. and \ifmmode \dot{Z}\else \.{Z}\fi{}ywucka, N.},
  collaboration = {H.E.S.S. Collaboration},
  journal = {Physical Review Letters},
  volume = {117},
  issue = {11},
  pages = {111301},
  numpages = {6},
  year = {2016},
  month = {Sep},
  publisher = {American Physical Society},
  doi = {10.1103/PhysRevLett.117.111301},
  url = {https://link.aps.org/doi/10.1103/PhysRevLett.117.111301}
}


@article{hawc_dm_limit,
  author  = {A. Albert and R. Alfaro and C. Alvarez and J. D. Álvarez and R. Arceo and J. C. Arteaga-Velázquez and D. Avila Rojas and H. A. Ayala Solares and N. Bautista-Elivar and A. Becerril and E. Belmont-Moreno and S. Y. BenZvi and A. Bernal and J. Braun and C. Brisbois and K. S. Caballero-Mora and T. Capistrán and A. Carramiñana and S. Casanova and M. Castillo and U. Cotti and J. Cotzomi and S. Coutiño de León and C. De León and E. De la Fuente and R. Diaz Hernandez and B. L. Dingus and M. A. DuVernois and J. C. Díaz-Vélez and R. W. Ellsworth and K. Engel and D. W. Fiorino and N. Fraija and J. A. García-González and F. Garfias and M. M. González and J. A. Goodman and Z. Hampel-Arias and J. P. Harding and S. Hernandez and A. Hernandez-Almada and B. Hona and P. Hüntemeyer and A. Iriarte and A. Jardin-Blicq and V. Joshi and S. Kaufmann and D. Kieda and R. J. Lauer and D. Lennarz and H. León Vargas and J. T. Linnemann and A. L. Longinotti and M. Longo Proper and G. Luis Raya and R. Luna-García and R. López-Coto and K. Malone and S. S. Marinelli and I. Martinez-Castellanos and J. Martínez-Castro and H. Martínez-Huerta and J. A. Matthews and P. Miranda-Romagnoli and E. Moreno and M. Mostafá and L. Nellen and M. Newbold and M. U. Nisa and R. Noriega-Papaqui and R. Pelayo and J. Pretz and E. G. Pérez-Pérez and Z. Ren and C. D. Rho and C. Rivière and D. Rosa-González and M. Rosenberg and E. Ruiz-Velasco and F. Salesa Greus and A. Sandoval and M. Schneider and H. Schoorlemmer and G. Sinnis and A. J. Smith and R. W. Springer and P. Surajbali and I. Taboada and O. Tibolla and K. Tollefson and I. Torres and G. Vianello and T. Weisgarber and S. Westerhoff and J. Wood and T. Yapici and P. W. Younk and H. Zhou},
  title   = {{Dark Matter Limits from Dwarf Spheroidal Galaxies with the HAWC Gamma-Ray Observatory}},
  journal = {The Astrophysical Journal},
  volume  = {853},
  number  = {2},
  pages   = {154},
  url     = {http://stacks.iop.org/0004-637X/853/i=2/a=154},
  year    = {2018}
}
	

	
@article{standardmodel,
  author    = {John J. Quenby },
  title     = {{An Introduction to Particle Physics and the Standard Model, by Robert Mann}},
  journal   = {Contemporary Physics},
  volume    = {52},
  number    = {4},
  pages     = {374-377},
  year      = {2011},
  publisher = {Taylor & Francis},
  url       = {https://doi.org/10.1080/00107514.2011.564306},
}

@ARTICLE{wmap9year_obs,
   author = {{Bennett}, C.~L. and {Larson}, D. and {Weiland}, J.~L. and {Jarosik}, N. and 
  {Hinshaw}, G. and {Odegard}, N. and {Smith}, K.~M. and {Hill}, R.~S. and 
  {Gold}, B. and {Halpern}, M. and {Komatsu}, E. and {Nolta}, M.~R. and 
  {Page}, L. and {Spergel}, D.~N. and {Wollack}, E. and {Dunkley}, J. and 
  {Kogut}, A. and {Limon}, M. and {Meyer}, S.~S. and {Tucker}, G.~S. and 
  {Wright}, E.~L.},
    title = "{Nine-year Wilkinson Microwave Anisotropy Probe (WMAP) Observations: Final Maps and Results}",
  journal = {The Astrophysical Journal Supplements},
archivePrefix = "arXiv",
   eprint = {1212.5225},
     year = {2013},
   volume = {208},
      eid = {20},
    pages = {20},
      doi = {10.1088/0067-0049/208/2/20},
      url = {http://adsabs.harvard.edu/abs/2013ApJS..208...20B},
  adsnote = {Provided by the SAO/NASA Astrophysics Data System}
}

@article{wmap9year,
  author  = {G. Hinshaw and D. Larson and E. Komatsu and D. N. Spergel and C. L. Bennett and J. Dunkley and M. R. Nolta and M. Halpern and R. S. Hill and N. Odegard and L. Page and K. M. Smith and J. L. Weiland and B. Gold and N. Jarosik and A. Kogut and M. Limon and S. S. Meyer and G. S. Tucker and E. Wollack and E. L. Wright},
  title   = "{Nine-year Wilkinson Microwave Anisotropy Probe (WMAP) Observations: Cosmological Parameter Results}",
  journal = {The Astrophysical Journal, Supplement Series},
  volume  = {208},
  number  = {2},
  pages   = {19},
  url     = {http://stacks.iop.org/0067-0049/208/i=2/a=19},
  year    = {2013}
}
	
@misc{wmap_skymap,
  author = "{NASA/WMAP Science Team}",
  title  = "{Nine Year Microwave Sky}",
  year   = {2014},
  howpublished = {Online, Accessed 2017-11-22},
  url    = "https://wmap.gsfc.nasa.gov/media/121238/index.html"
}

@misc{cfd_operation,
  author = "{Wikipedia}",
  title  = "{Operation of a CFD}",
  year   = {2013},
  howpublished = {Online, Accessed 2018-01-02},
  url    = "https://en.wikipedia.org/wiki/File:Operation\_of\_a\_CFD.png"
}

@ARTICLE{cfd_behavior,
   author = {J Hall and V V Vassiliev and D B Kieda and J Moses and T Nagai J and Smith},
    title = "{Veritas CFDs}",
  journal = {International Cosmic Ray Conference},
     year = 2003,
    month = jul,
   volume = 5,
    pages = {2851},
      url = {http://adsabs.harvard.edu/abs/2003ICRC....5.2851H},
  adsnote = {Provided by the SAO/NASA Astrophysics Data System}
}

@article{fermi1949,
  title     = {{On the Origin of the Cosmic Radiation}},
  author    = {Fermi, ENRICO},
  journal   = {Physical Review},
  volume    = {75},
  issue     = {8},
  pages     = {1169--1174},
  numpages  = {0},
  year      = {1949},
  month     = {Apr},
  publisher = {American Physical Society},
  doi       = {10.1103/PhysRev.75.1169},
  url       = {https://link.aps.org/doi/10.1103/PhysRev.75.1169}
}


@article{highenergyelectron_snr,
  title     = {{High-Energy Particle Acceleration in the Shell of a Supernova Remnant}},
  author    = {Aharonian, F Akhperjanian and Akhperjanian, AG and Aye, K-M and Bazer-Bachi, AR and Beilicke, M and Benbow, W and Berge, D and Berghaus, P and Bernl{\"o}hr, K and Bolz, O and others},
  journal   = {Nature},
  volume    = {432},
  number    = {7013},
  pages     = {75},
  year      = {2004},
  publisher = {Nature Publishing Group},
  url       = {dx.doi.org/10.1038/nature02960}
}

@article{pp_pion,
  title     = "{Neutral Pions from Proton-Proton Collisions}",
  author    = {Stallwood, R. A. and Sutton, R. B. and Fields, T. H. and Fox, J. G. and Kane, J. A.},
  journal   = {Physical Review},
  volume    = {109},
  issue     = {5},
  pages     = {1716--1722},
  numpages  = {0},
  year      = {1958},
  month     = {Mar},
  publisher = {American Physical Society},
  doi       = {10.1103/PhysRev.109.1716},
  url       = {https://link.aps.org/doi/10.1103/PhysRev.109.1716}
}

@article{pp_pion2,
  author  = "{Tuneyoshi Kamae and Niklas Karlsson and Tsunefumi Mizuno and Toshinori Abe and Tatsumi Koi}",
  title   = "{Parameterization of γ, epm, and Neutrino Spectra Produced by p-p Interaction in Astronomical Environments}",
  journal = {The Astrophysical Journal},
  volume  = {647},
  number  = {1},
  pages   = {692},
  url     = {http://stacks.iop.org/0004-637X/647/i=1/a=692},
  year    = {2006}
}
	
@ARTICLE{pp_pion3,
   author = {{Dermer}, C.~D.},
    title = "{Secondary Production of Neutral Pi-Mesons and the Diffuse Galactic Gamma Radiation}",
  journal = {Astronomy \& Astrophysics},
 keywords = {Galactic Radiation, Gamma Ray Astronomy, Mesons, Particle Collisions, Proton Scattering, Proton-Proton Reactions, Astronomical Models, Background Radiation, Energy Spectra, Galactic Cosmic Rays, Scaling Laws, Spectrum Analysis},
     year = 1986,
    month = mar,
   volume = 157,
    pages = {223-229},
      url = {http://adsabs.harvard.edu/abs/1986A%26A...157..223D},
  adsnote = {Provided by the SAO/NASA Astrophysics Data System}
}

@misc{sculptor_image,
  author = {ESO},
  title  = "{Sculptor Dwarf Galaxy}",
  year   = {2017},
  howpublished = {Online, Accessed Nov 27, 2017},
  url    = {http://sci.esa.int/gaia/59807-sculptor-dwarf-galaxy/}
}

@article{sculptor_paper,
  author  = {C J Walcher and J W Fried and A Burkert and R S Klessen},
  title   = "{About the Morphology of Dwarf Spheroidal Galaxies and Their Dark Matter Content}",
  DOI     = "10.1051/0004-6361:20030768",
  url     = "https://doi.org/10.1051/0004-6361:20030768",
  journal = {Astronomy \& Astrophysics},
  year    = 2003,
  volume  = 406,
  number  = 3,
  pages   = {847-854}
}

@article{sculptor_ml,
  author  = {Ewa L Lokas},
  title   = "{The Mass and Velocity Anisotropy of the Carina, Fornax, Sculptor and Sextans Dwarf Spheroidal Galaxies}",
  journal = {Monthly Notices of the Royal Astronomical Society: Letters},
  volume  = {394},
  number  = {1},
  pages   = {L102-L106},
  year    = {2009},
  doi     = {10.1111/j.1745-3933.2009.00620.x},
  URL     = { + http://dx.doi.org/10.1111/j.1745-3933.2009.00620.x},
  eprint  = {/oup/backfile/content_public/journal/mnrasl/394/1/10.1111/j.1745-3933.2009.00620.x/2/394-1-l102.pdf}
}

@misc{fornax_image,
  author = {ESO/Digitized Sky Survey 2},
  title  = "{Fornax Dwarf Galaxy}",
  year   = {2018},
  howpublished = {Online, Accessed Sept 6, 2018},
  url    = {https://www.eso.org/public/images/eso1007a/}
}




@article{m33rotcurve,
  author  = {Edvige Corbelli and Paolo Salucci},
  title   = "{The Extended Rotation Curve and the Dark Matter Halo of M33}",
  journal = {Monthly Notices of the Royal Astronomical Society},
  volume  = {311},
  number  = {2},
  pages   = {441-447},
  year    = {2000},
  doi     = {10.1046/j.1365-8711.2000.03075.x},
  URL     = { + http://dx.doi.org/10.1046/j.1365-8711.2000.03075.x},
  eprint  = {/oup/backfile/content_public/journal/mnras/311/2/10.1046/j.1365-8711.2000.03075.x/2/311-2-441.pdf}
}

@ARTICLE{faber_ml,
  author  = {S M Faber and J S Gallagher},
  title   = "{Masses and Mass-to-Light Ratios of Galaxies}",
  journal = {Annual Review of Astronomy and Astrophysics},
  year    = 1979,
  volume  = 17,
  pages   = {135-187},
  doi     = {10.1146/annurev.aa.17.090179.001031},
  url     = {http://adsabs.harvard.edu/abs/1979ARA\%26A..17..135F},
  adsnote = {Provided by the SAO/NASA Astrophysics Data System}
}
  


@article{sgra_massdist,
  author = {A Boehle and others},
  title  = "{An Improved Distance and Mass Estimate for Sgr A* from a Multistar Orbit Analysis}",
  journal= {The Astrophysical Journal},
  volume = {830},
  number = {1},
  pages  = {17},
  url    = {http://stacks.iop.org/0004-637X/830/i=1/a=17},
  year   = {2016},
}

@ARTICLE{gc_pev_or_pwn,
   author = {{Kistler}, M.~D.},
    title = "{A Tale of Two Pulsars and the Origin of TeV Gamma Rays from the Galactic Center}",
  journal = {ArXiv e-prints},
archivePrefix = "arXiv",
   eprint = {1511.01159},
 primaryClass = "astro-ph.HE",
 keywords = {Astrophysics - High Energy Astrophysical Phenomena, Astrophysics - Astrophysics of Galaxies},
     year = 2015,
    month = nov,
      url = {http://adsabs.harvard.edu/abs/2015arXiv151101159K},
  adsnote = {Provided by the SAO/NASA Astrophysics Data System}
}

@article{pppc4_dm_spectra,
  author = {Marco Cirelli and Gennaro Corcella and Andi Hektor and Gert Hütsi and Mario Kadastik and Paolo Panci and Martti Raidal and Filippo Sala and Alessandro Strumia},
  title  = "{PPPC 4 DM ID: a Poor Particle Physicist Cookbook for Dark Matter Indirect Detection}",
  journal= {Journal of Cosmology and Astroparticle Physics},
  volume = {2011},
  number = {3},
  pages  = {51},
  url    = {http://stacks.iop.org/1475-7516/2011/i=03/a=051},
  year   = {2011}
}

@article{pppc4_ewcorrections,
  author  = {Paolo Ciafaloni and Denis Comelli and Antonio Riotto and Filippo Sala and Alessandro Strumia and Alfredo Urbano},
  title   = "{Weak Corrections Are Relevant for Dark Matter Indirect Detection}",
  journal = {Journal of Cosmology and Astroparticle Physics},
  volume  = {2011},
  number  = {03},
  pages   = {019},
  url     = {http://stacks.iop.org/1475-7516/2011/i=03/a=019},
  year    = {2011}
}

@incollection{sudakov,
  title={Sudakov form factors},
  author={Collins, John C},
  booktitle={Perturbative QCD},
  pages={573--614},
  year={1989},
  publisher={World Scientific}
}

@article{bmesons1,
  title   = "B mesons",
  journal = "Progress in Particle and Nuclear Physics",
  volume  = "35",
  pages   = "81 - 219",
  year    = "1995",
  issn    = "0146-6410",
  doi     = "https://doi.org/10.1016/0146-6410(95)00042-H",
  url     = "http://www.sciencedirect.com/science/article/pii/014664109500042H",
  author  = "Thomas E. Browder and Klaus Honscheid",
}

@Article{bmesons2,
  author  = "Artuso, Marina and Barberio, Elisabetta and Stone, Sheldon",
  title   = "B meson decays",
  journal = "PMC Physics A",
  year    = "2009",
  month   = "Feb",
  day     = "20",
  volume  = "3",
  number  = "1",
  pages   = "3",
  issn    = "1754-0410",
  doi     = "10.1186/1754-0410-3-3",
  url     = "https://doi.org/10.1186/1754-0410-3-3"
}

@article{pythia,
  title    = {{A Brief Introduction to PYTHIA 8.1}},
  journal  = "Computer Physics Communications",
  volume   = "178",
  number   = "11",
  pages    = "852 - 867",
  year     = "2008",
  issn     = "0010-4655",
  doi      = "https://doi.org/10.1016/j.cpc.2008.01.036",
  url      = "http://www.sciencedirect.com/science/article/pii/S0010465508000441",
  author   = "Torbjörn Sjöstrand and Stephen Mrenna and Peter Skands",
  keywords = "Event generators, Multiparticle production, Parton showers, Multiple interactions, Hadronisation"
}

@article{herwig,
  author  = {Gennaro Corcella and Ian G. Knowles and Giuseppe Marchesini and Stefano Moretti and Kosuke Odagiri and Peter Richardson and Michael H. Seymour and Bryan R. Webber},
  title   = "{HERWIG 6: an Event Generator for Hadron Emission Reactions with Interfering Gluons (Including Supersymmetric Processes)}",
  journal = {Journal of High Energy Physics},
  volume  = {2001},
  number  = {01},
  pages   = {010},
  url     = {http://stacks.iop.org/1126-6708/2001/i=01/a=010},
  year    = {2001}
}
	
@article{hooper_dm_gc,
  title    = "Dark matter annihilation in the Galactic Center as seen by the Fermi Gamma Ray Space Telescope",
  journal  = "Physics Letters B",
  volume   = "697",
  number   = "5",
  pages    = "412 - 428",
  year     = "2011",
  issn     = "0370-2693",
  doi      = "https://doi.org/10.1016/j.physletb.2011.02.029",
  url      = "http://www.sciencedirect.com/science/article/pii/S0370269311001742",
  author   = "Dan Hooper and Lisa Goodenough",
  keywords = "Dark matter, Gamma ray astronomy"
}


@article{gc_pnt_is_not_dm1,
  title     = "{Updated Cosmic-Ray and Radio Constraints on Light Dark Matter: Implications for the GeV Gamma-Ray Excess at the Galactic Center}",
  author    = {Bringmann, Torsten and Vollmann, Martin and Weniger, Christoph},
  journal   = {Physical Review D},
  volume    = {90},
  issue     = {12},
  pages     = {123001},
  numpages  = {20},
  year      = {2014},
  publisher = {American Physical Society},
  doi       = {10.1103/PhysRevD.90.123001},
  url       = {https://link.aps.org/doi/10.1103/PhysRevD.90.123001}
}

@article{gc_pnt_is_not_dm2,
  title     = "{Evidence for Unresolved $\ensuremath{\gamma}$-Ray Point Sources in the Inner Galaxy}",
  author    = {Lee, Samuel K. and Lisanti, Mariangela and Safdi, Benjamin R. and Slatyer, Tracy R. and Xue, Wei},
  journal   = {Physcal Review Letters},
  volume    = {116},
  issue     = {5},
  pages     = {051103},
  numpages  = {6},
  year      = {2016},
  publisher = {American Physical Society},
  doi       = {10.1103/PhysRevLett.116.051103},
  url       = {https://link.aps.org/doi/10.1103/PhysRevLett.116.051103}
}

@article{gc_pnt_is_not_dm3,
  title     = "{Strong Support for the Millisecond Pulsar Origin of the Galactic Center GeV Excess}",
  author    = {Bartels, Richard and Krishnamurthy, Suraj and Weniger, Christoph},
  journal   = {Physical Review Letters},
  volume    = {116},
  issue     = {5},
  pages     = {051102},
  numpages  = {5},
  year      = {2016},
  publisher = {American Physical Society},
  doi       = {10.1103/PhysRevLett.116.051102},
  url       = {https://link.aps.org/doi/10.1103/PhysRevLett.116.051102}
}

@article{gc_pnt_is_dm1,
  title    = {{The Characterization of the Gamma-Ray Signal from the Central Milky Way: A Case for Annihilating Dark Matter}},
  journal  = "Physics of the Dark Universe",
  volume   = "12",
  pages    = "1 - 23",
  year     = "2016",
  issn     = "2212-6864",
  doi      = "https://doi.org/10.1016/j.dark.2015.12.005",
  url      = "http://www.sciencedirect.com/science/article/pii/S2212686416000030",
  author   = "Tansu Daylan and Douglas P. Finkbeiner and Dan Hooper and Tim Linden and Stephen K.N. Portillo and Nicholas L. Rodd and Tracy R. Slatyer",
  keywords = "Dark matter, Indirect detection, Gamma-rays"
}

@article{gc_pnt_is_dm2,
  title     = "{A Tale of Tails: Dark Matter Interpretations of the Fermi GeV Excess in Light of Background Model Systematics}",
  author    = {Calore, Francesca and Cholis, Ilias and McCabe, Christopher and Weniger, Christoph},
  journal   = {Physical Review D},
  volume    = {91},
  issue     = {6},
  pages     = {063003},
  numpages  = {18},
  year      = {2015},
  month     = {Mar},
  publisher = {American Physical Society},
  doi       = {10.1103/PhysRevD.91.063003},
  url       = {https://link.aps.org/doi/10.1103/PhysRevD.91.063003}
}

@article{segue_jfactor_errors,
 author = {Bonnivard, V. and Maurin, D. and Walker, M. G.},
  title = "{Contamination of Stellar-Kinematic Samples and Uncertainty About Dark Matter Annihilation Profiles in Ultrafaint Dwarf Galaxies: the Example of Segue I}",
journal = {Monthly Notices of the Royal Astronomical Society},
 volume = {462},
 number = {1},
  pages = {223-234},
   year = {2016},
    doi = {10.1093/mnras/stw1691},
    url = {http://dx.doi.org/10.1093/mnras/stw1691}
}

@article{compton_effect,
  title     = "{A Quantum Theory of the Scattering of X-rays by Light Elements}",
  author    = {Arthur H Compton},
  journal   = {Physical Review},
  volume    = {21},
  issue     = {5},
  pages     = {483--502},
  numpages  = {0},
  year      = {1923},
  publisher = {American Physical Society},
  doi       = {10.1103/PhysRev.21.483},
  url       = {https://link.aps.org/doi/10.1103/PhysRev.21.483}
}





@article{CLUMPYcode,
  title    = "{CLUMPY: Jeans Analysis, \textgamma-ray and \textnu{} Fluxes from Dark Matter (Sub-)Structures}",
  journal  = {Computer Physics Communications},
  volume   = "200",
  number   = "Supplement C",
  pages    = "336-349",
  year     = "2016",
  issn     = "0010-4655",
  doi      = "https://doi.org/10.1016/j.cpc.2015.11.012",
  url      = "http://www.sciencedirect.com/science/article/pii/S0010465515004348",
  author   = {Vincent Bonnivard and Moritz H{\"u}tten and Emmanuel Nezri and Ald{\'e}e Charbonnier and C{\'e}line Combet and David Maurin},
  keywords = "Cosmology, Dark matter, Indirect detection, Gamma-rays, Neutrinos"
}


@article{galactic_center_in_radio,
  author   = {T N LaRosa and N E Kassim and T J W Lazio and S D Hyman},
  title    = "{A Wide-Field 90 Centimeter VLA Image of the Galactic Center Region}",
  journal  = {The Astronomical Journal},
  keywords = {GALAXY: CENTER, RADIO CONTINUUM},
  year     = 2000,
  volume   = 119,
  pages    = {207-240},
  doi      = {10.1086/301168},
  url      = {http://adsabs.harvard.edu/abs/2000AJ....119..207L},
  adsnote  = {Provided by the SAO/NASA Astrophysics Data System}
  }

@article{gal_cent_still_undetermined,
  author = {F. Aharonian and A. Neronov},
  title  = "{High-Energy Gamma Rays from the Massive Black Hole in the Galactic Center}",
  journal= {The Astrophysical Journal},
  volume = {619},
  number = {1},
  pages  = {306},
  url    = {http://stacks.iop.org/0004-637X/619/i=1/a=306},
  year   = {2005}
  }

@article{dwarf_gal_red_giant,
  author = {Matthew G Walker and Mario Mateo and Edward W Olszewski},
  title  = "{Stellar Velocities in the Carina, Fornax, Sculptor, and Sextans dSph Galaxies: Data From the Magellan/MMFS Survey}",
  journal= {The Astronomical Journal},
  volume = {137},
  number = {2},
  pages  = {3100},
  url    = {http://stacks.iop.org/1538-3881/137/i=2/a=3100},
  year   = {2009},
  }

@article{dwarf_gal_vel_dispersion_a,
  author = {Matthew G. Walker and Mario Mateo and Edward W. Olszewski and Rebecca Bernstein and Xiao Wang and Michael Woodroofe},
  title  = "{Internal Kinematics of the Fornax Dwarf Spheroidal Galaxy}",
  journal= {The Astronomical Journal},
  volume = {131},
  number = {4},
  pages  = {2114},
  url    = {http://stacks.iop.org/1538-3881/131/i=4/a=2114},
  year   = {2006}
}
	
@article{dwarf_jfactors_no_priors,
  author  = {Chiappo, A. and Cohen-Tanugi, J. and Conrad, J. and Strigari, L. E. and Anderson, B. and Sánchez-Conde, M. A.},
  title   = "{Dwarf Spheroidal J-factors Without Priors: A Likelihood-based Analysis for Indirect Dark Matter Searches}",
  journal = {Monthly Notices of the Royal Astronomical Society},
  volume  = {466},
  number  = {1},
  pages   = {669-676},
  year    = {2017},
  doi     = {10.1093/mnras/stw3079},
  URL     = {http://dx.doi.org/10.1093/mnras/stw3079},
  eprint  = {/oup/backfile/content_public/journal/mnras/466/1/10.1093_mnras_stw3079/4/stw3079.pdf}
}

@article{dwarf_gal_vel_dispersion,
  author = {G Matthew and others},
  title  = "{Velocity Dispersion Profiles of Seven Dwarf Spheroidal Galaxies}",
  journal= {The Astrophysical Journal Letters},
  volume = {667},
  number = {1},
  pages  = {L53},
  url    = {http://stacks.iop.org/1538-4357/667/i=1/a=L53},
  year   = {2007},
  }

@article{dwarf_gal_vel_dispersion2,
  author  = {Kourkchi, E. and others},
  title   = "{Dwarf Galaxies in the Coma Cluster - I. Velocity Dispersion Measurements}",
  volume  = {420}, 
  number  = {4}, 
  pages   = {2819-2834}, 
  year    = {2012}, 
  doi     = {10.1111/j.1365-2966.2011.19899.x}, 
  url     = {http://mnras.oxfordjournals.org/content/420/4/2819.abstract}, 
  eprint  = {http://mnras.oxfordjournals.org/content/420/4/2819.full.pdf+html}, 
  journal = {Monthly Notices of the Royal Astronomical Society},
}

@ARTICLE{galactic_dynamics,
   author = {{Binney}, J. and {Tremaine}, S. and {Freeman}, K.},
    title = {{Galactic Dynamics}},
  journal = {Physics Today},
     year = 2009,
   volume = 62,
   number = 5,
    pages = {56},
      url = {http://adsabs.harvard.edu/abs/2009PhT....62e..56B}
}


@ARTICLE{dsa1,
   author = {{Krymskii}, G.~F.},
    title = "{A Regular Mechanism for the Acceleration of Charged Particles on the Front of a Shock Wave}",
  journal = {Akademiia Nauk SSSR Doklady},
     year = 1977,
    month = jun,
   volume = 234,
    pages = {1306-1308},
      url = {http://adsabs.harvard.edu/abs/1977DoSSR.234.1306K},
  adsnote = {Provided by the SAO/NASA Astrophysics Data System}
}

@ARTICLE{dsa2,
   author = {{Axford}, W.~I. and {Leer}, E. and {Skadron}, G.},
    title = "{The Acceleration of Cosmic Rays by Shock Waves}",
  journal = {International Cosmic Ray Conference},
     year = 1977,
   volume = 11,
    pages = {132-137},
      url = {http://adsabs.harvard.edu/abs/1977ICRC...11..132A},
  adsnote = {Provided by the SAO/NASA Astrophysics Data System}
}

@article{dsa3,
  author  = {Bell, A. R.},
   title  = "{The Acceleration of Cosmic Rays in Shock Fronts – I}",
  journal = {Monthly Notices of the Royal Astronomical Society},
  volume  = {182},
  number  = {2},
  pages   = {147-156},
  year    = {1978},
  doi     = {10.1093/mnras/182.2.147},
  url     = {http://dx.doi.org/10.1093/mnras/182.2.147},
  eprint  = {/oup/backfile/content_public/journal/mnras/182/2/10.1093/mnras/182.2.147/2/mnras182-0147.pdf}
}

@ARTICLE{dsa4,
   author = {{Blandford}, R.~D. and {Ostriker}, J.~P.},
    title = {{Particle Acceleration by Astrophysical Shocks}},
  journal = {The Astrophysical Journal},
 keywords = {Cosmic Rays, Particle Acceleration, Relativistic Particles, Shock Waves, Extragalactic Radio Sources, Interstellar Matter, Magnetohydrodynamic Waves, Supernova Remnants},
     year = 1978,
    month = apr,
   volume = 221,
    pages = {L29-L32},
      doi = {10.1086/182658},
      url = {http://adsabs.harvard.edu/abs/1978ApJ...221L..29B},
  adsnote = {Provided by the SAO/NASA Astrophysics Data System}
}


@article{dsa5,
  author  = {L O'C Drury},
  title   = "{An Introduction to the Theory of Diffusive Shock Acceleration of Energetic Particles in Tenuous Plasmas}",
  journal = {Reports on Progress in Physics},
  volume  = {46},
  number  = {8},
  pages   = {973},
  url     = {http://stacks.iop.org/0034-4885/46/i=8/a=002},
  year    = {1983},
}
	

@misc{dsa6,
  author    = {Stefano Gabici},
  title     = "{The Theory of Diffusive Shock Acceleration, ISAPP 2012}",
  howpublished = { Online, Accessed 2018-6-7 },
  url       = {https://isapp2012paris.sciencesconf.org/conference/isapp2012paris/Stefano\_Gabici\_three.pdf}
}

@article{inv_compt1,
  title    = "{Bremsstrahlung, Synchrotron Radiation, and Compton Scattering of High-Energy Electrons Traversing Dilute Gases}",
  author   = {Blumenthal, George R. and Gould, Robert J.},
  journal  = {Reviews of Modern Physics},
  volume   = {42},
  issue    = {2},
  pages    = {237--270},
  numpages = {0},
  year     = {1970},
  month    = {Apr},
  publisher = {American Physical Society},
  doi = {10.1103/RevModPhys.42.237},
  url = {https://link.aps.org/doi/10.1103/RevModPhys.42.237}
}

@book{inv_compt2,
  title    = "{Radiative Processes in Astrophysics}",
  author   = {Rybicki, George B and Lightman, Alan P},
  year     = {2008},
  publisher= {John Wiley \& Sons},
  url      = {http://www.doi.org/10.1002/9783527618170}
}


@article{diffusegamma1989,
  author  = {Bloemen, Hans},
  title   = {{Diffuse Galactic Gamma-Ray Emission}},
  journal = {Annual Review of Astronomy and Astrophysics},
  volume  = {27},
  number  = {1},
  pages   = {469-516},
  year    = {1989},
  doi     = {10.1146/annurev.aa.27.090189.002345},
  URL     = {https://doi.org/10.1146/annurev.aa.27.090189.002345},
  eprint  = {https://doi.org/10.1146/annurev.aa.27.090189.002345 }
}

@article{alfven1,
  author  = {Alfvén, Hannes},
  title   = "{Electric Currents in Cosmic Plasmas}",
  journal = {Reviews of Geophysics},
  volume  = {15},
  number  = {3},
  pages   = {271-284},
  year    = {1977},
  doi     = {10.1029/RG015i003p00271},
  url     = {https://agupubs.onlinelibrary.wiley.com/doi/abs/10.1029/RG015i003p00271},
  eprint  = {https://agupubs.onlinelibrary.wiley.com/doi/pdf/10.1029/RG015i003p00271},
}

@article{alfven2,
  author  = {Eric G Blackman},
  title   = "{On Deriving Flux Freezing in Magnetohydrodynamics by Direct Differentiation}",
  journal = {European Journal of Physics},
  volume  = {34},
  number  = {2},
  pages   = {489},
  url     = {http://stacks.iop.org/0143-0807/34/i=2/a=489},
  year    = {2013}
}

@article{500GeVElectrons,
  title    = "{Probing the ATIC Peak in the Cosmic-Ray Electron Spectrum with HESS}",
  author   = {Aharonian, F and Akhperjanian, AG and Anton, G and De Almeida, U Barres and Bazer-Bachi, AR and Becherini, Yvonne and Behera, B and Bernl{\"o}hr, K and Bochow, A and Boisson, C and others},
  journal  = {Astronomy \& Astrophysics},
  volume   = {508},
  number   = {2},
  pages    = {561--564},
  year     = {2009},
  publisher={EDP Sciences},
  url      ={https://doi.org/10.1051/0004-6361/200913323}
}

@booklet{hess2017_electronspectrum,
  title  = "{The Cosmic-Ray Electron Spectrum Measured with H.E.S.S.}",
  author = {Daniel Kerszberg},
  howpublished={Talk presented at 35th ICRC in Busan, South Korea},
  year   = {2017},
  note   = {https://indico.snu.ac.kr/indico/event/15/session/5/contribution/694/material/slides/0.pdf}
}

@article{bullet_cluster,
  author  = {M Markevitch and A H Gonzalez and D Clowe and A Vikhlinin and W Forman and C Jones and S Murray and W Tucker},
  title   = "{Direct Constraints on the Dark Matter Self-Interaction Cross Section from the Merging Galaxy Cluster 1E 0657-56}",
  journal = {The Astrophysical Journal},
  volume  = {606},
  number  = {2},
  pages   = {819},
  url     = {http://stacks.iop.org/0004-637X/606/i=2/a=819},
  year    = {2004},
}

@article{bullet_cluster2,
  author={Douglas Clowe and Anthony Gonzalez and Maxim Markevitch},
  title="{Weak-Lensing Mass Reconstruction of the Interacting Cluster 1E 0657-558: Direct Evidence for the Existence of Dark Matter}",
  journal={The Astrophysical Journal},
  volume={604},
  number={2},
  pages={596},
  url={http://stacks.iop.org/0004-637X/604/i=2/a=596},
  year={2004}
}
	
	
@misc{bullet_cluster_combined_image,
  title = "{1E 0657-56: NASA Finds Direct Proof of Dark Matter}",
  url   = {http://chandra.harvard.edu/photo/2006/1e0657/index.html},
  howpublished  = { Online, Accessed 2017-07-21 },
  year  = 2006
  }

@inproceedings{bullet_cluster_chandramap,
   author = {{Markevitch}, M.},
    title = "{Chandra Observation of the Most Interesting Cluster in the Universe}",
booktitle = {The X-ray Universe 2005},
     year = 2006,
   series = {ESA Special Publication},
   volume = 604,
   eprint = {astro-ph/0511345},
   editor = {{Wilson}, A.},
    month = jan,
    pages = {723},
   url    = {http://adsabs.harvard.edu/abs/2006ESASP.604..723M},
  adsnote = {Provided by the SAO/NASA Astrophysics Data System}
}

@ARTICLE{bullet_cluster_composite,
  author   = {D Clowe and M Brada{\v c} and A.~H Gonzalez and M Markevitch and S.~W Randall and C Jones and D Zaritsky},
  title    = "{A Direct Empirical Proof of the Existence of Dark Matter}",
  journal  = {The Astrophysical Journal Letters},
  eprint   = {astro-ph/0608407},
  keywords = {Cosmology: Dark Matter, galaxies: clusters: individual (1E 0657-558), Cosmology: Gravitational Lensing},
  year     = {2006},
  volume   = {648},
  pages    = {L109-L113},
  doi      = {10.1086/508162},
  url      = {http://adsabs.harvard.edu/abs/2006ApJ...648L.109C}
  }

	
@article{cluster_72,
  author    = {Harvey, David and Massey, Richard and Kitching, Thomas and Taylor, Andy and Tittley, Eric},
  title     = "{The Nongravitational Interactions of Dark Matter in Colliding Galaxy Clusters}",
  volume    = {347},
  number    = {6229},
  pages     = {1462--1465},
  year      = {2015},
  doi       = {10.1126/science.1261381},
  publisher = {American Association for the Advancement of Science},
  issn      = {0036-8075},
  URL       = {http://science.sciencemag.org/content/347/6229/1462},
  eprint    = {http://science.sciencemag.org/content/347/6229/1462.full.pdf},
  journal   = {Science}
}


@article{cluster_strong_lensing_1996,
  author  = {Wesley N. Colley and J. Anthony Tyson and Edwin L. Turner},
  title   = "{Unlensing Multiple Arcs in 0024+1654: Reconstruction of the Source Image}",
  journal = {The Astrophysical Journal Letters},
  volume  = {461},
  number  = {2},
  pages   = {L83},
  url     = {http://stacks.iop.org/1538-4357/461/i=2/a=L83},
  year    = {1996}
}

@article{cluster_strong_lensing_1998,
  author = {J. Anthony Tyson and Greg P. Kochanski and Ian P. Dell'Antonio},
  title  = "{Detailed Mass Map of CL 0024+1654 from Strong Lensing}",
  journal= {The Astrophysical Journal Letters},
  volume = {498},
  number = {2},
  pages  = {L107},
  url    = {http://stacks.iop.org/1538-4357/498/i=2/a=L107},
  year   = {1998}
}
	
@article{cluster_strong_lensing_2010,
  author  = {Keiichi Umetsu and Elinor Medezinski and Tom Broadhurst and Adi Zitrin and Nobuhiro Okabe and Bau-Ching Hsieh and Sandor M. Molnar},
  title   = {{The Mass Structure of the Galaxy Cluster Cl0024+1654 from a Full Lensing Analysis of Joint Subaru and ACS/NIC3 Observations}},
  journal = {The Astrophysical Journal},
  volume  = {714},
  number  = {2},
  pages   = {1470},
  url     = {http://stacks.iop.org/0004-637X/714/i=2/a=1470},
  year    = {2010}
}
	

@article{chandra,
  author  = {M. C. Weisskopf and B. Brinkman and C. Canizares and G. Garmire and S. Murray and L. P. Van Speybroeck},
  title   = "{An Overview of the Performance and Scientific Results from the Chandra X-Ray Observatory}",
  journal = {Publications of the Astronomical Society of the Pacific},
  volume  = {114},
  number  = {791},
  pages   = {1},
  url     = {http://stacks.iop.org/1538-3873/114/i=791/a=1},
  year    = {2002}
}




@article{cluster_chandra,
  author = {Aaron D. Lewis and David A. Buote and John T. Stocke},
  title  = "{Chandra Observations of A2029: The Dark Matter Profile Down to Below 0.01rvir in an Unusually Relaxed Cluster}",
  journal= {The Astrophysical Journal},
  volume = {586},
  number = {1},
  pages  = {135},
  url    = {http://stacks.iop.org/0004-637X/586/i=1/a=135},
  year   = {2003}
}
	

@article{cluster_ml_ratios,
  author = {Marisa Girardi and Patrizia Manzato and Marino Mezzetti and Giuliano Giuricin and Füsun Limboz},
  title  = "{Observational Mass-to-Light Ratio of Galaxy Systems from Poor Groups to Rich Clusters}",
  journal= {The Astrophysical Journal},
  volume = {569},
  number = {2},
  pages  = {720},
  url    = {http://stacks.iop.org/0004-637X/569/i=2/a=720},
  year   = {2002}
}
	


@article{direct_lux,
  title   = {{First Results from the LUX Dark Matter Experiment at the Sanford Underground Research Facility}},
  author  = {Akerib, D. S. and Ara\'ujo, H. M. and Bai, X. and Bailey, A. J. and Balajthy, J. and Bedikian, S. and Bernard, E. and Bernstein, A. and Bolozdynya, A. and Bradley, A. and Byram, D. and Cahn, S. B. and Carmona-Benitez, M. C. and Chan, C. and Chapman, J. J. and Chiller, A. A. and Chiller, C. and Clark, K. and Coffey, T. and Currie, A. and Curioni, A. and Dazeley, S. and de Viveiros, L. and Dobi, A. and Dobson, J. and Dragowsky, E. M. and Druszkiewicz, E. and Edwards, B. and Faham, C. H. and Fiorucci, S. and Flores, C. and Gaitskell, R. J. and Gehman, V. M. and Ghag, C. and Gibson, K. R. and Gilchriese, M. G. D. and Hall, C. and Hanhardt, M. and Hertel, S. A. and Horn, M. and Huang, D. Q. and Ihm, M. and Jacobsen, R. G. and Kastens, L. and Kazkaz, K. and Knoche, R. and Kyre, S. and Lander, R. and Larsen, N. A. and Lee, C. and Leonard, D. S. and Lesko, K. T. and Lindote, A. and Lopes, M. I. and Lyashenko, A. and Malling, D. C. and Mannino, R. and McKinsey, D. N. and Mei, D.-M. and Mock, J. and Moongweluwan, M. and Morad, J. and Morii, M. and Murphy, A. St. J. and Nehrkorn, C. and Nelson, H. and Neves, F. and Nikkel, J. A. and Ott, R. A. and Pangilinan, M. and Parker, P. D. and Pease, E. K. and Pech, K. and Phelps, P. and Reichhart, L. and Shutt, T. and Silva, C. and Skulski, W. and Sofka, C. J. and Solovov, V. N. and Sorensen, P. and Stiegler, T. and O'Sullivan, K. and Sumner, T. J. and Svoboda, R. and Sweany, M. and Szydagis, M. and Taylor, D. and Tennyson, B. and Tiedt, D. R. and Tripathi, M. and Uvarov, S. and Verbus, J. R. and Walsh, N. and Webb, R. and White, J. T. and White, D. and Witherell, M. S. and Wlasenko, M. and Wolfs, F. L. H. and Woods, M. and Zhang, C.},
  collaboration = {LUX Collaboration},
  journal   = {Physical Review Letters},
  volume    = {112},
  issue     = {9},
  pages     = {091303},
  numpages  = {7},
  year      = {2014},
  month     = {Mar},
  publisher = {American Physical Society},
  doi       = {10.1103/PhysRevLett.112.091303},
  url       = {https://link.aps.org/doi/10.1103/PhysRevLett.112.091303}
}

@article {direct_cdms,
  author  = {CDMS II Collaboration and others},
  title   = {{Dark Matter Search Results from the CDMS II Experiment}},
  volume  = {327},
  number  = {5973},
  pages   = {1619--1621},
  year    = {2010},
  doi     = {10.1126/science.1186112},
  publisher = {American Association for the Advancement of Science},
  issn    = {0036-8075},
  URL     = {http://science.sciencemag.org/content/327/5973/1619},
  eprint  = {http://science.sciencemag.org/content/327/5973/1619.full.pdf},
  journal = {Science}
}

@article{direct_dama,
  author  = {BERNABEI, R. and BELLI, P. and CAPPELLA, F. and CERULLI, R. and MONTECCHIA, F. and NOZZOLI, F. and INCICCHITTI, A. and PROSPERI, D. and DAI, C. J. and KUANG, H. H. and MA, J. M. and YE, Z. P.},
  title   = {{Dark Matter Particles in the Galactic Halo: Results and Implications from DAMA/NaI}},
  journal = {International Journal of Modern Physics D},
  volume  = {13},
  number  = {10},
  pages   = {2127-2159},
  year    = {2004},
  doi     = {10.1142/S0218271804006619},
  URL     = {https://www.worldscientific.com/doi/abs/10.1142/S0218271804006619},
  eprint  = {https://www.worldscientific.com/doi/pdf/10.1142/S0218271804006619}
}

@article{direct_xenon,
  title  = {{First Dark Matter Search Results from the XENON1T Experiment}},
  author = {Aprile, E. and Aalbers, J. and Agostini, F. and Alfonsi, M. and Amaro, F. D. and Anthony, M. and Arneodo, F. and Barrow, P. and Baudis, L. and Bauermeister, B. and Benabderrahmane, M. L. and Berger, T. and Breur, P. A. and Brown, A. and Brown, A. and Brown, E. and Bruenner, S. and Bruno, G. and Budnik, R. and B\"utikofer, L. and Calv\'en, J. and Cardoso, J. M. R. and Cervantes, M. and Cichon, D. and Coderre, D. and Colijn, A. P. and Conrad, J. and Cussonneau, J. P. and Decowski, M. P. and de Perio, P. and Di Gangi, P. and Di Giovanni, A. and Diglio, S. and Eurin, G. and Fei, J. and Ferella, A. D. and Fieguth, A. and Fulgione, W. and Gallo Rosso, A. and Galloway, M. and Gao, F. and Garbini, M. and Gardner, R. and Geis, C. and Goetzke, L. W. and Grandi, L. and Greene, Z. and Grignon, C. and Hasterok, C. and Hogenbirk, E. and Howlett, J. and Itay, R. and Kaminsky, B. and Kazama, S. and Kessler, G. and Kish, A. and Landsman, H. and Lang, R. F. and Lellouch, D. and Levinson, L. and Lin, Q. and Lindemann, S. and Lindner, M. and Lombardi, F. and Lopes, J. A. M. and Manfredini, A. and Mari\ifmmode \mbox{\c{s}}\else \c{s}\fi{}, I. and Marrod\'an Undagoitia, T. and Masbou, J. and Massoli, F. V. and Masson, D. and Mayani, D. and Messina, M. and Micheneau, K. and Molinario, A. and Mor\aa{}, K. and Murra, M. and Naganoma, J. and Ni, K. and Oberlack, U. and Pakarha, P. and Pelssers, B. and Persiani, R. and Piastra, F. and Pienaar, J. and Pizzella, V. and Piro, M.-C. and Plante, G. and Priel, N. and Rauch, L. and Reichard, S. and Reuter, C. and Riedel, B. and Rizzo, A. and Rosendahl, S. and Rupp, N. and Saldanha, R. and dos Santos, J. M. F. and Sartorelli, G. and Scheibelhut, M. and Schindler, S. and Schreiner, J. and Schumann, M. and Scotto Lavina, L. and Selvi, M. and Shagin, P. and Shockley, E. and Silva, M. and Simgen, H. and Sivers, M. v. and Stein, A. and Thapa, S. and Thers, D. and Tiseni, A. and Trinchero, G. and Tunnell, C. and Vargas, M. and Upole, N. and Wang, H. and Wang, Z. and Wei, Y. and Weinheimer, C. and Wulf, J. and Ye, J. and Zhang, Y. and Zhu, T.},
  collaboration = {XENON Collaboration},
  journal   = {Physical Review Letters},
  volume    = {119},
  issue     = {18},
  pages     = {181301},
  numpages  = {6},
  year      = {2017},
  month     = {Oct},
  publisher = {American Physical Society},
  doi       = {10.1103/PhysRevLett.119.181301},
  url       = {https://link.aps.org/doi/10.1103/PhysRevLett.119.181301}
}



	

@ARTICLE{cluster_lensing,
   author = {{Bergmann}, A.~G. and {Petrosian}, V. and {Lynds}, R.},
    title = "{Gravitational Lens Models of Arcs in Clusters}",
  journal = {The Astrophysical Journal},
 keywords = {Astronomical Models, Dark Matter, Galactic Clusters, Galactic Mass, Gravitational Lenses, Arcs, Mass Distribution, Mass To Light Ratios},
     year = {1990},
   volume = {350},
    pages = {23-35},
      doi = {10.1086/168359},
      url = {http://adsabs.harvard.edu/abs/1990ApJ...350...23B}
}

@article{proton_snr_accel,
  title    = "{The Acceleration of Cosmic-Ray Protons in the Supernova Remnant RX J1713. 7--3946}",
  author   = {Enomoto, Ryoji and Tanimori, T and Naito, T and Yoshida, T and Yanagita, S and Mori, Masaki and Edwards, Philip Gregory and Asahara, A and Bicknell, Geoffrey Vincent and Gunji, S and others},
  journal  = {Nature},
  volume   = {416},
  number   = {6883},
  pages    = {823},
  year     = {2002},
  publisher= {Nature Publishing Group},
  url      = {https://www.nature.com/articles/416823a}
}



@misc{abell370_hubble,
  title        = "{The Last of the Frontier Fields — Abell 370}",
  url          = {https://www.spacetelescope.org/images/heic1711a/},
  howpublished = { Online, Accessed March 6, 2018 },
  year         = { 2017 }
}


@article{galaxy_mass_light_ratio,
  author  = {Cappellari, M. and others},
  title   = {{The SAURON Project-IV. The Mass-to-Light Ratio, the Virial Mass Estimator and the Fundamental Plane of Elliptical and Lenticular Galaxies}},
  volume  = {366}, 
  number  = {4}, 
  pages   = {1126-1150}, 
  year    = {2006}, 
  doi     = {10.1111/j.1365-2966.2005.09981.x}, 
  URL     = {http://mnras.oxfordjournals.org/content/366/4/1126.abstract}, 
  eprint  = {http://mnras.oxfordjournals.org/content/366/4/1126.full.pdf+html}, 
  journal = {Monthly Notices of the Royal Astronomical Society},
  }

@article{milkyway_ml_ratio,
  author  = {Flynn, Chris and Holmberg, Johan and Portinari, Laura and Fuchs, Burkhard and Jahreiß, Hartmut},
  title   = "{On the Mass-to-Light Ratio of the Local Galactic Disc and the Optical Luminosity of the Galaxy}",
  journal = {Monthly Notices of the Royal Astronomical Society},
  volume  = {372},
  number  = {3},
  pages   = {1149-1160},
  year    = {2006},
  doi     = {10.1111/j.1365-2966.2006.10911.x},
  URL     = { + http://dx.doi.org/10.1111/j.1365-2966.2006.10911.x},
  eprint  = {/oup/backfile/content_public/journal/mnras/372/3/10.1111/j.1365-2966.2006.10911.x/2/mnras0372-1149.pdf}
}

@article{weak_lensing_ellipse,
  author = {Léon V. E. Koopmans and Tommaso Treu},
  title  = "{The Structure and Dynamics of Luminous and Dark Matter in the Early-Type Lens Galaxy of 0047–281 at z = 0.485}",
  journal= {The Astrophysical Journal},
  volume = {583},
  number = {2},
  pages  = {606},
  url    = {http://stacks.iop.org/0004-637X/583/i=2/a=606},
  year   = {2003}
}
	


@article{milkyway_dm_evidence,
  title   = "{Evidence for Dark Matter in the Inner Milky Way}",
  author  = {Fabio Iocco and Miguel Pato and Gianfranco Bertone},
  year    = {2015},
  journal = {Nature Physics},
  volume  = {11},
  pages   = {245-248},
  url     = {https://www.nature.com/articles/nphys3237}
}

@misc{VPMmemo,
  title  = "{VERITAS Pointing Monitor (VPM)}",
  author = {J Grube and D Pandel and D Gall and L Ciupik and L Fortson and G Gyuk and P Kaaret and N Karlsson and D Steele},
  year   = 2011,
  howpublished   = {Internal VERITAS Memo},
  url    = {https://veritas.sao.arizona.edu/wiki/index.php/VERITAS\_Memos}
}

@phdthesis{schelke_thesis,
  author = {Schelke, M},
  year   = 2004,
  title  = "{Supersymmetric Dark Matter : Aspects of sfermion Coannihilations}",
  type   = "{Doctoral Thesis}",
  school = {Stockholm University},
  url    = {http://urn.kb.se/resolve?urn=urn:nbn:se:su:diva-192}
}

@INPROCEEDINGS{wells_relic,
   author = {{Wells}, J.~D.},
    title = "{Mass Density of Neutralino Dark Matter}",
booktitle = {Perspectives on Supersymmetry},
     year = 1998,
   volume = 18,
   eprint = {hep-ph/9708285},
   editor = {{Kane}, G.~L.},
    pages = {276},
      url = {http://adsabs.harvard.edu/abs/1998pesu.conf..276W},
  adsnote = {Provided by the SAO/NASA Astrophysics Data System}
}

@phdthesis{spiral_galaxy_rot_curve,
  author = {Albert Bosma},
  title  = {{The Distribution and Kinematics of Neutral Hydrogen in Spiral Galaxies of Various Morphological Types}},
  type   = "{Doctoral Thesis}",
  url    = {http://ned.ipac.caltech.edu/level5/March05/Bosma/frames.html},
  school = {Groningen University},
  year   = {1978}
}

@phdthesis{bird_weather,
  author = {Ralph Bird},
  title  = "{Probing Cosmic Rays with VERITAS: Observations of M 31 and the Positron Fraction}",
  type   = "{Doctoral Thesis}",
  url    = {https://veritas.sao.arizona.edu/documents/Theses/RBirdThesis.pdf},
  school = {University College Dublin},
  year   = {2015}
}

@inproceedings{veritas_v6_trigger, 
  author   = {B. Zitzer and J. Anderson and K. Byrum and G. Drake and F. Krennrich and A. Kreps and M. Oberling and M. Orr and M. Schroedter and A. Weinstein}, 
  booktitle= {2012 IEEE Nuclear Science Symposium and Medical Imaging Conference Record (NSS/MIC)}, 
  title    = {{The Topological Trigger System for the VERITAS Upgrade}}, 
  year     = {2012}, 
  pages    = {1812-1816}, 
  doi      = {10.1109/NSSMIC.2012.6551423}, 
  ISSN     = {1082-3654}, 
  month    = {Oct},
  url      = {https://ieeexplore.ieee.org/document/6551423/}
}

@article{veritas_FADC,
   author = {{Rebillot}, P.~F. and {Buckley}, J.~H. and {Dowkontt}, P. and 
	{Kosack}, K.},
    title = "{The VERITAS Flash ADC Electronics System}",
  journal = {International Cosmic Ray Conference},
     year = 2003,
    month = jul,
   volume = 5,
    pages = {2827},
      url = {http://adsabs.harvard.edu/abs/2003ICRC....5.2827B},
   adsurl = {http://adsabs.harvard.edu/abs/2003ICRC....5.2827B},
  adsnote = {Provided by the SAO/NASA Astrophysics Data System}
}


@article{rotation_curve_review,
  author  = {Yoshiaki Sofue and Vera Rubin},
  title   = {{Rotation Curves of Spiral Galaxies}},
  journal = {Annual Review of Astronomy and Astrophysics},
  volume  = {39},
  number  = {1},
  pages   = {137-174},
  year    = {2001},
  doi     = {10.1146/annurev.astro.39.1.137},
  url     = {https://doi.org/10.1146/annurev.astro.39.1.137},
  eprint  = {https://doi.org/10.1146/annurev.astro.39.1.137}
}


@article{planck2015,
  author        = {Ade, Peter AR and Aghanim, N and Arnaud, M and Ashdown, M and Aumont, J and Baccigalupi, C and Banday, AJ and Barreiro, RB and Bartlett, JG and Bartolo, N and others},
  title         = "{Planck 2015 Results-XIII. Cosmological Parameters}",
  collaboration = "Planck",
  volume        = {594},
  pages         = {A13},
  year          = {2016},
  url           = {https://www.aanda.org/articles/aa/abs/2016/10/aa25830-15/aa25830-15.html},
  journal       = {Astronomy \& Astrophysics}
}

@article{neutralino1,
  title   = {{Neutralino Dark Matter in Focus Point Supersymmetry}},
  journal = "Physics Letters B",
  volume  = "482",
  number  = "4",
  pages   = "388 - 399",
  year    = "2000",
  issn    = "0370-2693",
  doi     = "https://doi.org/10.1016/S0370-2693(00)00512-8",
  url     = "http://www.sciencedirect.com/science/article/pii/S0370269300005128",
  author  = "Jonathan L. Feng and Konstantin T. Matchev and Frank Wilczek"
}

@article{neutralino2,
  title     = "{Constraint on the Photino Mass from Cosmology}",
  author    = {Goldberg, H.},
  journal   = {Physical Review Letters},
  volume    = {50},
  issue     = {19},
  pages     = {1419--1422},
  numpages  = {0},
  year      = {1983},
  month     = {May},
  publisher = {American Physical Society},
  doi       = {10.1103/PhysRevLett.50.1419},
  url       = {https://link.aps.org/doi/10.1103/PhysRevLett.50.1419}
}

@article{neutralino3,
  title   = {{Supersymmetric Relics from the Big Bang}},
  journal = {Nuclear Physics B},
  volume  = "238",
  number  = "2",
  pages   = "453 - 476",
  year    = "1984",
  issn    = "0550-3213",
  doi     = "https://doi.org/10.1016/0550-3213(84)90461-9",
  url     = "http://www.sciencedirect.com/science/article/pii/0550321384904619",
  author  = "John Ellis and J.S. Hagelin and D.V. Nanopoulos and K. Olive and M. Srednicki"
}


@article{supersym1,
  title   = {{The Soft Supersymmetry-Breaking Lagrangian: Theory and Applications}},
  journal = "Physics Reports",
  volume  = "407",
  number  = "1",
  pages   = "1 - 203",
  year    = "2005",
  issn    = "0370-1573",
  doi     = "https://doi.org/10.1016/j.physrep.2004.08.032",
  url     = "http://www.sciencedirect.com/science/article/pii/S0370157304004466",
  author  = "D.J.H. Chung and L.L. Everett and G.L. Kane and S.F. King and J. Lykken and Lian-Tao Wang"
}


	
@article{gamma_pwn1,
  title     = "{The Origin of the Magnetic Field and Relativistic Particles in the Crab Nebula}",
  author    = {Rees, MJ and Gunn, James E},
  journal   = {Monthly Notices of the Royal Astronomical Society},
  volume    = {167},
  number    = {1},
  pages     = {1--12},
  year      = {1974},
  publisher = {Oxford University Press Oxford, UK},
  url       = {https://doi.org/10.1093/mnras/167.1.1}
}


@article{ pwn_evolution,
  author  = {Gaensler, Bryan M. and Slane, Patrick O.},
  title   = {{The Evolution and Structure of Pulsar Wind Nebulae}},
  journal = {Annual Review of Astronomy and Astrophysics},
  volume  = {44},
  number  = {1},
  pages   = {17-47},
  year    = {2006},
  doi     = {10.1146/annurev.astro.44.051905.092528},
  URL     = {  https://doi.org/10.1146/annurev.astro.44.051905.092528 },
  eprint  = { https://doi.org/10.1146/annurev.astro.44.051905.092528 }
}

@article{earth_geomag,
  title     = "{The US/UK World Magnetic Model for 2010-2015}",
  author    = {Maus, Stefan and Macmillan, Susan and McLean, Susan and Hamilton, Brian and Thomson, A and Nair, M and Rollins, Craig},
  year      = {2010},
  publisher = {British Geological Survey},
  url       = {http://nora.nerc.ac.uk/id/eprint/18737}
}

@article{pwn_pairprod2,
  author  = {Paul N. Arendt, Jr. and Jean A. Eilek},
  title   = {{Pair Creation in the Pulsar Magnetosphere}},
  journal = {The Astrophysical Journal},
  volume  = {581},
  number  = {1},
  pages   = {451},
  url     = {http://stacks.iop.org/0004-637X/581/i=1/a=451},
  year    = {2002}
}

@article{pwn_pairprod3,
  title     = "{High-Energy Electromagnetic Conversion Processes in Intense Magnetic Fields}",
  author    = {ERBER, THOMAS},
  journal   = {Review of Modern Physics},
  volume    = {38},
  issue     = {4},
  pages     = {626--659},
  numpages  = {0},
  year      = {1966},
  month     = {Oct},
  publisher = {American Physical Society},
  doi       = {10.1103/RevModPhys.38.626},
  url       = {https://link.aps.org/doi/10.1103/RevModPhys.38.626}
}


@article{gamma_pwn2,
	author = {{Aharonian, F.} and {Akhperjanian, A. G.} and {Aye, K.-M.} and {Bazer-Bachi, A. R.} and {Beilicke, M.} and {Benbow, W.} and {Berge, D.} and {Berghaus, P.} and {Bernlöhr, K.} and {Boisson, C.} and {Bolz, O.} and {Braun, I.} and {Breitling, F.} and {Brown, A. M.} and {Bussons Gordo, J.} and {Chadwick, P. M.} and {Chounet, L.-M.} and {Cornils, R.} and {Costamante, L.} and {Degrange, B.} and {Djannati-Ataï, A.} and {L. O'C. Drury} and {Dubus, G.} and {Emmanoulopoulos, D.} and {Espigat, P.} and {Feinstein, F.} and {Fleury, P.} and {Fontaine, G.} and {Fuchs, Y.} and {Funk, S.} and {Gallant, Y. A.} and {Giebels, B.} and {Gillessen, S.} and {Glicenstein, J. F.} and {Goret, P.} and {Hadjichristidis, C.} and {Hauser, M.} and {Heinzelmann, G.} and {Henri, G.} and {Hermann, G.} and {Hinton, J. A.} and {Hofmann, W.} and {Holleran, M.} and {Horns, D.} and {de Jager, O. C.} and {Khélifi, B.} and {Komin, Nu.} and {Konopelko, A.} and {Latham, I. J.} and {Le Gallou, R.} and {Lemière, A.} and {Lemoine-Goumard, M.} and {Leroy, N.} and {Lohse, T.} and {Martineau-Huynh, O.} and {Marcowith, A.} and {Masterson, C.} and {McComb, T. J. L.} and {de Naurois, M.} and {Nolan, S. J.} and {Noutsos, A.} and {Orford, K. J.} and {Osborne, J. L.} and {Ouchrif, M.} and {Panter, M.} and {Pelletier, G.} and {Pita, S.} and {Pühlhofer, G.} and {Punch, M.} and {Raubenheimer, B. C.} and {Raue, M.} and {Raux, J.} and {Rayner, S. M.} and {Redondo, I.} and {Reimer, A.} and {Reimer, O.} and {Ripken, J.} and {Rob, L.} and {Rolland, L.} and {Rowell, G.} and {Sahakian, V.} and {Saugé, L.} and {Schlenker, S.} and {Schlickeiser, R.} and {Schuster, C.} and {Schwanke, U.} and {Siewert, M.} and {Sol, H.} and {Steenkamp, R.} and {Stegmann, C.} and {Tavernet, J.-P.} and {Terrier, R.} and {Théoret, C. G.} and {Tluczykont, M.} and {Vasileiadis, G.} and {Venter, C.} and {Vincent, P.} and {Völk, H. J.} and {Wagner, S. J.}},
  title   = "{Discovery of Extended VHE Gamma-Ray Emission from the Asymmetric Pulsar Wind Nebula in MSH 15-52 with HESS}",
	DOI     = "10.1051/0004-6361:200500105",
	url     = "https://doi.org/10.1051/0004-6361:200500105",
	journal = {Astronomy \& Astrophysics},
	year    = 2005,
	volume  = 435,
	number  = 1,
	pages   = "L17-L20",
}

@article{magcon_crab,
  author  = {Benoît Cerutti and Dmitri A. Uzdensky and Mitchell C. Begelman},
  title   = "{Extreme Particle Acceleration in Magnetic Reconnection Layers: Application to the Gamma-Ray Flares in the Crab Nebula}",
  journal = {The Astrophysical Journal},
  volume  = {746},
  number  = {2},
  pages   = {148},
  url     = {http://doi.org/10.1088/0004-637X/746/2/148},
  year    = {2012}
}

@article{magcon_schopper,
  title     = "{Particle Acceleration in Three-Dimensional Reconnection Regions: A New Test Particle Approach}",
  author    = {Schopper, R{\"u}diger and Birk, Guido T and Lesch, Harald},
  journal   = {Physics of Plasmas},
  volume    = {6},
  number    = {11},
  pages     = {4318--4327},
  year      = {1999},
  publisher = {AIP},
  url       = {https://doi.org/10.1063/1.873696}
}

@article{magcon_review,
  author  = {Zweibel, Ellen G. and Yamada, Masaaki},
  title   = {{Magnetic Reconnection in Astrophysical and Laboratory Plasmas}},
  journal = {Annual Review of Astronomy and Astrophysics},
  volume  = {47},
  number  = {1},
  pages   = {291-332},
  year    = {2009},
  doi     = {10.1146/annurev-astro-082708-101726},
  URL     = {https://doi.org/10.1146/annurev-astro-082708-101726},
  eprint  = {https://doi.org/10.1146/annurev-astro-082708-101726}
}

@Inbook{magcon_particleaccel,
  author   = "de Gouveia Dal Pino, Elisabete M. and Kowal, Grzegorz",
  editor   = "Lazarian, Alexander and de Gouveia Dal Pino, Elisabete M. and Melioli, Claudio",
  title    = {{Particle Acceleration by Magnetic Reconnection}},
  bookTitle= "Magnetic Fields in Diffuse Media",
  year     = "2015",
  publisher= "Springer Berlin Heidelberg",
  address  = "Berlin, Heidelberg",
  pages    = "373--398",
  isbn     = "978-3-662-44625-6",
  doi      = "10.1007/978-3-662-44625-6_13",
  url      = "https://doi.org/10.1007/978-3-662-44625-6\_13"
}



@article{gc_distance_1,
  author  = { Mark J. Reid },
  title   = "{The Distance to the Center of the Galaxy}",
  journal = {Annual Review of Astronomy and Astrophysics},
  volume  = {31},
  number  = {1},
  pages   = {345-372},
  year    = {1993},
  doi     = {10.1146/annurev.aa.31.090193.002021},
  url     = { https://doi.org/10.1146/annurev.aa.31.090193.002021 },
  eprint  = { https://doi.org/10.1146/annurev.aa.31.090193.002021 }

}

@article{gc_distance_2,
  author  = {F Eisenhauer and R Sch{\"o}del and R Genzel and T Ott and M Tecza and R Abuter and A Eckart and T Alexander},
  title   = "{A Geometric Determination of the Distance to the Galactic Center}",
  journal = {The Astrophysical Journal Letters},
  volume  = {597},
  number  = {2},
  pages   = {L121},
  url     = {http://stacks.iop.org/1538-4357/597/i=2/a=L121},
  year    = {2003}
}

@article{gc_distance_3,
  author    = {M Horrobin and F Eisenhauer and M Tecza and N Thatte and R Genzel and R Abuter and C Iserlohe and J Schreiber and A Schegerer and D Lutz and T Ott and R Sch{\"o}del},
  title     = {{First Results from SPIFFI. I: The Galactic Center}},
  journal   = {Astronomische Nachrichten},
  volume    = {325},
  number    = {2},
  publisher = {WILEY-VCH Verlag},
  issn      = {1521-3994},
  url       = {http://dx.doi.org/10.1002/asna.200310181},
  doi       = {10.1002/asna.200310181},
  pages     = {88--91},
  keywords  = {Galaxy: center},
  year      = {2004}
}

@article{direct_dm_detection,
  author   = {Teresa Marrodán Undagoitia and Ludwig Rauch},
  title    = "{Dark Matter Direct-Detection Experiments}",
  journal  = {Journal of Physics G: Nuclear and Particle Physics},
  volume   = {43},
  number   = {1},
  pages    = {013001},
  url      = {http://stacks.iop.org/0954-3899/43/i=1/a=013001},
  year     = {2016}
}

@article{local_dm_density,
  author  = {Riccardo Catena and Piero Ullio},
  title   = "{A Novel Determination of the Local Dark Matter Density}",
  journal = {Journal of Cosmology and Astroparticle Physics},
  volume  = {2010},
  number  = {08},
  pages   = {004},
  url     = {http://stacks.iop.org/1475-7516/2010/i=08/a=004},
  year    = {2010}
}

@article{direct_dm_astrophysical_uncertainties,
  author  = {Csaba Cs{\'a}ki},
  title   = "{The Minimal Supersymmetric Standard Model}",
  journal = {Modern Physics Letters A},
  volume  = {11},
  number  = {08},
  pages   = {599-613},
  year    = {1996},
  doi     = {10.1142/S021773239600062X},
  URL     = {http://www.worldscientific.com/doi/abs/10.1142/S021773239600062X},
  eprint  = {http://www.worldscientific.com/doi/pdf/10.1142/S021773239600062X}
}

@PROCEEDINGS{hipparcos_catalogue,
    title = "{The HIPPARCOS and TYCHO Catalogues. Astrometric and Photometric Star Catalogues Derived from the ESA HIPPARCOS Space Astrometry Mission}",
 keywords = {SPACE ASTROMETRY, STAR CATALOGS, POSITIONS, ARTIFICIAL SATELLITES},
booktitle = {ESA Special Publication},
     year = 1997,
   series = {ESA Special Publication},
   volume = 1200,
   editor = {{ESA}},
   url    = {http://adsabs.harvard.edu/abs/1997ESASP1200.....E}
}

@article{franktamm1,
  author  = {I M Frank and I E Tamm},
  title   = "{Coherent Visible Radiation of Fast Electrons Passing Through Matter}",
  journal = {Comptes Rendus de l'Acad{\'e}mie des Sciences de l'URSS},
  volume  = "14",
  year    = "1937",
  number  = "3",
  pages   = "109-114",
  doi     = "10.1007/978-3-642-74626-0_2,10.3367/UFNr.0093.196710o.0388",
  note    = "[Usp. Fiz. Nauk93,no.2,388(1967)]",
  url     = {http://dx.doi.org/10.1007/978-3-642-74626-0\_2}
}

@Article{daviscotton_optical,
  author  = {D A Lewis},
  title   = "Optical characteristics of the whipple observatory TeV gamma-ray imaging telescope",
  journal = "Experimental Astronomy",
  year    = "1990",
  month   = "Jul",
  day     = "01",
  volume  = "1",
  number  = "4",
  pages   = "213--226",
  issn    = "1572-9508",
  doi     = "10.1007/BF00428516",
  url     = {https://doi.org/10.1007/BF00428516}
}


@article{franktamm2,
  author={I M Frank},
  title="{A Conceptual History of the Vavilov-Cherenkov Radiation}",
  journal={Soviet Physics Uspekhi},
  volume={27},
  number={5},
  pages={385},
  url={http://stacks.iop.org/0038-5670/27/i=5/a=A04},
  year={1984}
}

@article{weak_lensing_2001,
  title   = "{Weak Gravitational Lensing}",
  journal = {Physics Reports},
  volume  = "340",
  number  = "4-5",
  pages   = {291-472},
  year    = {2001},
  issn    = "0370-1573",
  doi     = "http://dx.doi.org/10.1016/S0370-1573(00)00082-X",
  url     = "http://www.sciencedirect.com/science/article/pii/S037015730000082X",
  author  = "Matthias Bartelmann and Peter Schneider"
  }

@article{weak_lensing_quasar,
  author  = {R Benton Metcalf and Leonidas A Moustakas and Andrew J Bunker and Ian R Parry},
  title   = {{Spectroscopic Gravitational Lensing and Limits on the Dark Matter Substructure in Q2237+0305}},
  journal = {The Astrophysical Journal},
  volume  = {607},
  number  = {1},
  pages   = {43},
  url     = {http://stacks.iop.org/0004-637X/607/i=1/a=43},
  year    = {2004}
}

@ARTICLE{zwicky1937,
  author  = {{Zwicky}, F.},
  title   = "{On the Masses of Nebulae and of Clusters of Nebulae}",
  journal = {The Astrophysical Journal},
  year    = {1937},
  volume  = {86},
  pages   = {217},
  doi     = {10.1086/143864},
  url     = {http://adsabs.harvard.edu/abs/1937ApJ....86..217Z}
}

@article{planck_dm_limit,
  author         = "Aghanim, N. and others",
  title          = "{Planck 2018 Results. VI. Cosmological Parameters}",
  year           = {2018},
  journal        = "Arxiv preprint",
  url            = {https://arxiv.org/abs/1807.06209}
}

@article{fermi_electron,
  title  = "{Measurement of the Cosmic Ray ${e}^{+}+{e}^{\ensuremath{-}}$ Spectrum from 20 GeV to 1 TeV with the Fermi Large Area Telescope}",
  author = {Abdo, A. A. and Ackermann, M. and Ajello, M. and Atwood, W. B. and Axelsson, M. and Baldini, L. and Ballet, J. and Barbiellini, G. and Bastieri, D. and Battelino, M. and Baughman, B. M. and Bechtol, K. and Bellazzini, R. and Berenji, B. and Blandford, R. D. and Bloom, E. D. and Bogaert, G. and Bonamente, E. and Borgland, A. W. and Bregeon, J. and Brez, A. and Brigida, M. and Bruel, P. and Burnett, T. H. and Caliandro, G. A. and Cameron, R. A. and Caraveo, P. A. and Carlson, P. and Casandjian, J. M. and Cecchi, C. and Charles, E. and Chekhtman, A. and Cheung, C. C. and Chiang, J. and Ciprini, S. and Claus, R. and Cohen-Tanugi, J. and Cominsky, L. R. and Conrad, J. and Cutini, S. and Dermer, C. D. and de Angelis, A. and de Palma, F. and Digel, S. W. and Di Bernardo, G. and do Couto e Silva, E. and Drell, P. S. and Dubois, R. and Dumora, D. and Edmonds, Y. and Farnier, C. and Favuzzi, C. and Focke, W. B. and Frailis, M. and Fukazawa, Y. and Funk, S. and Fusco, P. and Gaggero, D. and Gargano, F. and Gasparrini, D. and Gehrels, N. and Germani, S. and Giebels, B. and Giglietto, N. and Giordano, F. and Glanzman, T. and Godfrey, G. and Grasso, D. and Grenier, I. A. and Grondin, M.-H. and Grove, J. E. and Guillemot, L. and Guiriec, S. and Hanabata, Y. and Harding, A. K. and Hartman, R. C. and Hayashida, M. and Hays, E. and Hughes, R. E. and J\'ohannesson, G. and Johnson, A. S. and Johnson, R. P. and Johnson, W. N. and Kamae, T. and Katagiri, H. and Kataoka, J. and Kawai, N. and Kerr, M. and Kn\"odlseder, J. and Kocevski, D. and Kuehn, F. and Kuss, M. and Lande, J. and Latronico, L. and Lemoine-Goumard, M. and Longo, F. and Loparco, F. and Lott, B. and Lovellette, M. N. and Lubrano, P. and Madejski, G. M. and Makeev, A. and Massai, M. M. and Mazziotta, M. N. and McConville, W. and McEnery, J. E. and Meurer, C. and Michelson, P. F. and Mitthumsiri, W. and Mizuno, T. and Moiseev, A. A. and Monte, C. and Monzani, M. E. and Moretti, E. and Morselli, A. and Moskalenko, I. V. and Murgia, S. and Nolan, P. L. and Norris, J. P. and Nuss, E. and Ohsugi, T. and Omodei, N. and Orlando, E. and Ormes, J. F. and Ozaki, M. and Paneque, D. and Panetta, J. H. and Parent, D. and Pelassa, V. and Pepe, M. and Pesce-Rollins, M. and Piron, F. and Pohl, M. and Porter, T. A. and Profumo, S. and Rain\`o, S. and Rando, R. and Razzano, M. and Reimer, A. and Reimer, O. and Reposeur, T. and Ritz, S. and Rochester, L. S. and Rodriguez, A. Y. and Romani, R. W. and Roth, M. and Ryde, F. and Sadrozinski, H. F.-W. and Sanchez, D. and Sander, A. and Saz Parkinson, P. M. and Scargle, J. D. and Schalk, T. L. and Sellerholm, A. and Sgr\`o, C. and Smith, D. A. and Smith, P. D. and Spandre, G. and Spinelli, P. and Starck, J.-L. and Stephens, T. E. and Strickman, M. S. and Strong, A. W. and Suson, D. J. and Tajima, H. and Takahashi, H. and Takahashi, T. and Tanaka, T. and Thayer, J. B. and Thayer, J. G. and Thompson, D. J. and Tibaldo, L. and Tibolla, O. and Torres, D. F. and Tosti, G. and Tramacere, A. and Uchiyama, Y. and Usher, T. L. and Van Etten, A. and Vasileiou, V. and Vilchez, N. and Vitale, V. and Waite, A. P. and Wallace, E. and Wang, P. and Winer, B. L. and Wood, K. S. and Ylinen, T. and Ziegler, M.},
  collaboration = {Fermi LAT Collaboration},
  journal   = {Physical Review Letters},
  volume    = {102},
  issue     = {18},
  pages     = {181101},
  numpages  = {6},
  year      = {2009},
  month     = {May},
  publisher = {American Physical Society},
  doi       = {10.1103/PhysRevLett.102.181101},
  url       = {https://link.aps.org/doi/10.1103/PhysRevLett.102.181101}
}


@article{poissonfrequentistinterval,
   author = {{Maxwell}, E.~A.},
    title = "{Chi-square Intervals for a Poisson Parameter - Bayes, Classical and Structural}",
  journal = {ArXiv e-prints},
   eprint = {1102.0822},
     year = 2011,
    month = feb,
   adsurl = {http://adsabs.harvard.edu/abs/2011arXiv1102.0822M},
      url = {http://adsabs.harvard.edu/abs/2011arXiv1102.0822M},
}


@article{updatedWIMPRelicCrossSection,
  title     = "{Precise Relic WIMP Abundance and Its Impact on Searches for Dark Matter Annihilation}",
  author    = {Steigman, Gary and Dasgupta, Basudeb and Beacom, John F.},
  journal   = {Physical Review D},
  volume    = {86},
  issue     = {2},
  pages     = {023506},
  numpages  = {12},
  year      = {2012},
  publisher = {American Physical Society},
  doi       = {10.1103/PhysRevD.86.023506},
  url       = {https://link.aps.org/doi/10.1103/PhysRevD.86.023506}
}

@article{mather1990,
  title   = "{A Preliminary Measurement of the Cosmic Microwave Background Spectrum by the Cosmic Background Explorer (COBE) Satellite}",
  author  = {Mather, John C and Cheng, ES and Eplee Jr, RE and Isaacman, RB and Meyer, SS and Shafer, RA and Weiss, R and Wright, EL and Bennett, CL and Boggess, NW and others},
  journal = {The Astrophysical Journal},
  volume  = {354},
  pages   = {L37--L40},
  year    = {1990}
}



@article{deuterium1,
  author  = {Scott Burles and David Tytler},
  title   = {{The Deuterium Abundance Toward QSO 1009+2956}},
  journal = {The Astrophysical Journal},
  volume  = {507},
  number  = {2},
  pages   = {732},
  url     = {http://stacks.iop.org/0004-637X/507/i=2/a=732},
  year    = {1998}
}

@article{deuterium2,
  author  = {Scott Burles and David Tytler},
  title   = {{The Deuterium Abundance Toward Q1937–1009}},
  journal = {The Astrophysical Journal},
  volume  = {499},
  number  = {2},
  pages   = {699},
  url     = {http://stacks.iop.org/0004-637X/499/i=2/a=699},
  year    = {1998}
}
	
@article{deuterium3,
  author  = {Pettini, Max and Zych, Berkeley J. and Murphy, Michael T. and Lewis, Antony and Steidel, Charles C.},
  title   = "{Deuterium Abundance in the Most Metal-Poor Damped Lyman Alpha System: Converging on Ωb,0h2}",
  journal = {Monthly Notices of the Royal Astronomical Society},
  volume  = {391},
  number  = {4},
  pages   = {1499-1510},
  year    = {2008},
  doi     = {10.1111/j.1365-2966.2008.13921.x},
  URL     = {http://dx.doi.org/10.1111/j.1365-2966.2008.13921.x},
  eprint  = {/oup/backfile/content_public/journal/mnras/391/4/10.1111_j.1365-2966.2008.13921.x/2/mnras0391-1499.pdf}
}



@BOOK{theEarlyUniverse,
   author = {{Kolb}, E.~W. and {Turner}, M.~S.},
    title = "{The Early Universe}",
publisher = {Frontiers in Physics, Vol. 69},
     year = {1990},
      url = {http://adsabs.harvard.edu/abs/1990eaun.book.....K},
  adsnote = {Provided by the SAO/NASA Astrophysics Data System}
}

@article{CMBFundamentals,
  title   = {{CMB Temperature and Polarization Anisotropy Fundamentals}},
  journal = "Annals of Physics",
  volume  = "303",
  number  = "1",
  pages   = "203 - 225",
  year    = "2003",
  issn    = "0003-4916",
  doi     = "https://doi.org/10.1016/S0003-4916(02)00022-2",
  url     = "http://www.sciencedirect.com/science/article/pii/S0003491602000222",
  author  = "Wayne Hu"
}

@article{CMBFlat,
  title     = {{A Flat Universe from High-Resolution Maps of the Cosmic Microwave Background Radiation}},
  author    = {de Bernardis, Pea and Ade, Peter AR and Bock, JJ and Bond, JR and Borrill, J and Boscaleri, A and Coble, K and Crill, BP and De Gasperis, G and Farese, PC and others},
  journal   = {Nature},
  volume    = {404},
  number    = {6781},
  pages     = {955},
  year      = {2000},
  publisher = {Nature Publishing Group}
}

@ARTICLE{sdss_release,
  author = {{Abazajian}, K.~N. and {Adelman-McCarthy}, J.~K. and {Ag{\"u}eros}, M.~A. and 
  {Allam}, S.~S. and {Allende Prieto}, C. and {An}, D. and {Anderson}, K.~S.~J. and 
  {Anderson}, S.~F. and {Annis}, J. and {Bahcall}, N.~A. and et al.},
  title   = "{The Seventh Data Release of the Sloan Digital Sky Survey}",
  journal = {The Astrophysical Journal, Supplement Series},
  archivePrefix = "arXiv",
  eprint  = {0812.0649},
 keywords = {atlases, catalogs, surveys},
  year    = {2009},
  volume  = {182},
  eid     = {543-558},
  pages   = {543-558},
  doi     = {10.1088/0067-0049/182/2/543},
  url     = {http://adsabs.harvard.edu/abs/2009ApJS..182..543A}
  }

@article{king1962,
  author  = {I King},
  title   = "{The Structure of Star Clusters. I. an Empirical Density Law}",
  journal = {The Astronomical Journal},
  year    = 1962,
  volume  = 67,
  pages   = {471},
  doi     = {10.1086/108756},
  url     = {http://adsabs.harvard.edu/abs/1962AJ.....67..471K},
  adsnote = {Provided by the SAO/NASA Astrophysics Data System}
}

@phdthesis{Mayer2015,
  author      = {Michael Mayer},
  title       = "{Pulsar Wind Nebulae at High Energies}",
  type        = "{Doctoral Thesis}",
  pages       = {142},
  school      = {Universit{\"a}t Potsdam},
  year        = {2015},
  url         = "{https://publishup.uni-potsdam.de/frontdoor/index/index/docId/7150}"
}

@BOOK{corsika1998,
   author = {D Heck and J Knapp and J N Capdevielle and G Schatz and T Thouw},
    title = "{CORSIKA: a Monte Carlo Code to Simulate Extensive Air Showers.}",
booktitle = {CORSIKA: a Monte Carlo code to simulate extensive air showers., by Heck, D.; Knapp, J.; Capdevielle, J.~N.; Schatz, G.; Thouw, T..~ Forschungszentrum Karlsruhe GmbH, Karlsruhe (Germany)., Feb 1998, V + 90 p., TIB Hannover, D-30167 Hannover (Germany).},
     year = {1998},
      url = {http://adsabs.harvard.edu/abs/1998cmcc.book.....H},
  adsnote = {Provided by the SAO/NASA Astrophysics Data System}
}

